1959 2984
109 107 839 345 misrrumum

92 737 219 870 ssu.
254 737 515 878 Avrnnn
534 735 852 822 rnornnru

349 930 599 998 LIBERI.

213 1078 328 1169 οἵ
376 1098 420 1207 n
462 1097 497 1168 r
543 1096 580 1168 H
627 1096 645 1169 1
696 1096 736 1169 A.

323 1426 562 1490 Etnoll
603 1427 626 1489 1.

96 1507 223 1611 Cynthia
232 1547 317 1611 prima
326 1548 380 1597 suis
389 1548 519 1597 miserum
527 1542 649 1612 mesoepit
658 1544 758 1609 ocellis,

131 1612 285 1677 contactum
298 1614 448 1682 nullisvaute
459 1610 644 1679 Cupidinibus.

94 1679 169 1730 'rum
178 1672 244 1728 milri
255 1673 394 1730 constantis
404 1668 500 1729 {eiecit
508 1678 610 1729 lumina
625 1680 712 1738 fastus,

129 1745 164 1794 Et
173 1756 249 1811 caput
257 1747 386 1812 impositis
395 1748 488 1812 pressit
497 1744 581 1796 Amor
590 1744 713 1809 pedibus:

94 1810 189 1861 Donec
198 1827 242 1861 me
252 1810 342 1861 docuit
351 1822 430 1861 castas
440 1810 526 1863 odisse
535 1812 637 1877 puellas
683 1844 687 1851 .

130 1876 279 1942 Improbus,
289 1889 316 1928 et
324 1877 399 1928 nullo
408 1880 499 1927 viuere
509 1879 628 1927 consilio.

96 1945 133 1995 Et
141 1943 210 1994 mihi
221 1945 274 1994 iam
283 1955 337 1994 toto
346 1945 419 1994 furor
428 1943 472 1994 hic
483 1960 536 1993 non
546 1942 633 1994 deficit
647 1959 726 2003 auno,

131 2009 202 2063 Cum
212 2014 299 2060 tamen
308 2009 431 2061 aduersos
442 2026 523 2075 cogor
533 2010 627 2060 habere
643 2008 715 2061 deos.
819 2068 823 2075 ⁴

98 2078 228 2130 Milanion
238 2078 324 2128 nullos
333 2076 469 2143 fugiendo,
479 2078 568 2137 Tulle,
578 2077 680 2128 labores

133 2144 277 2195 Saerritiam
286 2144 366 2195 dinae
377 2144 497 2195 contudit
505 2144 613 2196 Iasidos.

98 2210 168 2264 Nam
176 2209 256 2263 modo
266 2212 412 2264 Partheniis
422 2229 511 2263 sinens
521 2213 622 2264 errabat
631 2213 663 2263 io·
668 2212 757 2275 antris,

133 2278 190 2328 Ibst
200 2291 225 2331 et
234 2279 344 2331 hirsutas
355 2281 401 2332 ille
411 2280 489 2332 ferire
500 2280 576 2333 seras·
751 2283 754 2291 ’

100 2345 151 2397 Ille
162 2348 240 2396 etiam
248 2347 342 2414 Hylaei
351 2364 488 2415 percussus
498 2348 684 2399 vulnerarent

135 2413 242 2464 Saucius
253 2412 372 2466 Arcadiis
382 2413 491 2481 rupibus
502 2418 641 2481 ingemuit.

100 2478 173 2544 Pago
183 2481 300 2531 velocem
308 2485 393 2550 potuit
403 2480 534 2533 domuisse
549 2482 674 2549 puellam,

40 2560 46 2571 ·
132 2548 251 2597 Tantam
260 2550 288 2599 in
298 2565 385 2600 amore
395 2567 485 2616 preces
496 2561 524 2599 et
530 2547 664 2598 benefacta
676 2544 776 2594 ualent.

100 2613 133 2666 111
142 2631 186 2665 me
196 2613 284 2666 tardus
294 2613 377 2668 Amor
387 2634 440 2668 non
449 2615 515 2667 rllas
526 2617 619 2680 cogitat
629 2623 708 2673 πως

129 2680 191 2734 'Nec
199 2684 322 2756 meminit
330 2696 411 2747 notas,
420 2695 449 2735 rt
457 2684 539 2750 prius,
547 2685 587 2735 ire
595 2681 661 2731 rias.
