1959 2984
161 196 220 258 204
412 192 678 246 rrorrrrrr
875 194 909 258 (τε
950 251 952 270 N

162 300 222 350 Vna
232 309 384 348 contentum
393 294 490 363 pudeat
499 312 541 346 me
551 298 641 346 viuere
650 292 753 346 amica?

196 365 254 414 Hoc
268 367 290 414 si
301 367 401 413 crimen
410 366 467 424 erit,
479 365 579 413 crimen
591 366 686 413 amoris
697 366 753 412 crit.

163 432 204 483 Mt
214 449 292 481 nemo
303 432 415 492 obiiciat
424 432 505 481 libeat
513 431 575 491 tibi,
587 430 706 497 Cynthia,
716 445 824 481 mecum

196 498 306 550 Roscida
315 500 441 548 muscosis
451 511 525 548 antra
534 509 622 548 tenere
632 500 710 563 iugis.

163 566 218 618 Nec
227 579 256 616 tu
266 565 421 630 Virginibus
430 567 579 615 reuerentia
589 568 704 614 moueris
714 582 771 615 ora:

196 634 247 685 Hie
257 650 358 699 quoque
368 649 421 681 non
431 635 527 692 nescit,
538 632 602 698 quid
611 634 645 683 sit
654 649 748 693 aurare,
759 631 867 683 chorus.

164 701 195 753 si
203 713 291 750 tamen
302 700 399 763 Oeagri
410 699 539 765 quaedam
549 716 695 764 compressa
705 700 790 768 figura

195 768 318 817 Bistoniis
328 768 394 815 olim
403 765 514 832 rupibus
523 765 654 815 accubuit.

163 834 213 885 Hie
222 833 265 883 rbi
274 849 318 881 mc
324 835 412 899 primu
422 844 533 883 statuent
541 834 569 881 in
578 844 650 898 purte
661 831 780 895 choreae,

196 902 230 950 Et
238 899 341 949 medius
357 912 422 950 tecta
433 899 540 965 cuspide
549 899 664 949 Bacchus
675 903 737 949 erite

162 969 235 1019 Tum
250 968 326 1033 capiti
337 984 420 1022 sacros
429 969 511 1033 patiar
520 965 634 1032 pendere
645 965 797 1033 corymbos3

195 1034 264 1087 Nam
279 1035 334 1083 sine
344 1047 369 1084 te
380 1043 498 1086 bostrum
508 1051 560 1082 non
570 1034 796 1099 ra'leting'enium.

162 1101 219 1151 Hoc
228 1103 329 1152 vtinam
338 1103 447 1168 spatiere
457 1103 529 1159 loco,
540 1100 714 1167 quodeunque
724 1101 838 1165 vacabis,

197 1167 323 1235 Cynthius
336 1168 383 1218 sed
393 1169 440 1217 tibi
450 1185 494 1217 me
505 1167 610 1216 credere
620 1169 697 1217 turba
706 1181 786 1231 vetat3

110 1267 113 1272 ›
163 1233 232 1285 Cum
241 1234 313 1286 ridet
326 1237 438 1285 accensis
449 1235 573 1284 deuotam
583 1251 687 1285 currere
696 1235 777 1285 taedis

195 1302 228 1351 Iu
238 1319 343 1362 nemus,
359 1315 384 1353 et
394 1304 500 1352 Triuiae
509 1303 611 1351 lumina
620 1303 689 1351 ferre
698 1301 769 1353 (leae.

162 1369 231 1420 Nam
240 1369 304 1435 quid
315 1369 458 1420 Praenestis
469 1369 573 1427 dubias,
584 1386 600 1417 o
614 1369 734 1435 Cynthia,
745 1364 849 1420 sortes?
881 1363 885 1372 '

197 1435 270 1501 Quid
283 1438 350 1502 petis
360 1435 439 1486 Aeaei
450 1438 554 1486 moenia
563 1435 711 1500 Telegoni?
752 1459 754 1468 ⁴

164 1501 251 1552 Cur-ue
262 1516 287 1568 te
298 1505 325 1551 iu
334 1503 496 1553 Herculeum
506 1503 643 1569 deportant
651 1501 740 1553 esseda
750 1499 857 1555 Tiburi

196 1568 281 1636 Appio
292 1585 339 1618 cur
348 1572 423 1620 toties
432 1582 458 1620 te
467 1572 510 1620 rit
520 1570 593 1619 ducit
601 1568 701 1619 snum?

164 1636 269 1687 Scilicet
275 1636 407 1702 rmbroeis
416 1636 506 1688 sordet
515 1637 639 1703 Pompeia
649 1638 779 1687 columnis

197 1703 314 1756 Porticus
325 1705 420 1754 uulueis
429 1705 526 1754 nobilis
536 1703 666 1754 Attalicis:

164 1770 197 1820 Et
207 1770 296 1821 creber
304 1771 414 1838 platanis
424 1773 521 1840 pariter
531 1772 698 1835 surgentibus
708 1768 781 1830 ordo,

196 1838 321 1889 Flumina
330 1842 415 1905 sopito
424 1855 542 1905 quaeque
553 1839 661 1888 Marone
672 1838 778 1887 eadunt:

162 1904 197 1953 Et
204 1904 299 1955 leuiter
309 1905 432 1972 nymphis
444 1917 495 1955 tota
506 1906 689 1972 crepitantibus
699 1903 770 1964 vrbe,

197 1969 267 2021 Cum
281 1972 366 2023 subito
378 1975 471 2023 Triton
481 1989 525 2022 ore
535 1973 654 2023 recondit
663 1989 767 2038 uquam.

162 2037 284 2088 FullerIs:
299 2040 347 2089 ista
356 2042 394 2089 tui
405 2040 505 2089 furtum
515 2039 555 2089 via
565 2052 691 2090 monstrat
701 2040 806 2091 amoris.

140 2137 143 2144 .
195 2104 255 2153 Nou
265 2105 365 2166 vrbem,
377 2106 484 2156 demens
493 2125 500 2167 ς
510 2107 612 2156 lumina
621 2119 706 2157 nostra
718 2107 796 2171 sugis.

162 2170 221 2237 Quo
232 2170 311 2235 sugis,
323 2172 356 2221 ab
366 2170 495 2222 demens?
504 2174 578 2234 nuile
588 2186 627 2223 est
635 2175 707 2239 suga.
719 2175 762 2233 ’[ιι
771 2174 906 2237 liceum

194 2234 239 2286 Ast
249 2239 350 2286 Tanain
361 2238 459 2303 fugias,
469 2256 552 2303 vsque
562 2254 685 2307 sequetur
694 2240 787 2292 Amor.

162 2302 235 2366 Non,
247 2305 269 2352 si
281 2302 395 2368 Pegaseo
407 2308 513 2354 vecteris
525 2308 552 2355 iu
563 2325 620 2357 acra
631 2308 721 2371 dorso3

195 2367 258 2427 Nec,
268 2369 316 2419 tibi
327 2373 349 2421 si
359 2370 446 2422 Persei
456 2377 571 2424 mouerit
581 2376 620 2424 alu
628 2375 721 2442 perles:

161 2434 224 2495 Vel,
236 2439 292 2486 site
303 2450 384 2488 sectae
395 2440 496 2505 rapiant
505 2440 628 2492 talaribus
639 2458 728 2492 aurae:

193 2502 239 2551 Nil
248 2502 296 2553 tibi
307 2506 433 2558 Mercurii
442 2505 560 2573 proderit
569 2508 619 2557 aito
628 2511 679 2558 viu.

160 2565 241 2622 instat
249 2586 352 2637 semper
363 2570 446 2622 Amor
456 2589 486 2622 su
506 2590 533 2622 ru
544 2587 632 2644 capum
643 2577 721 2636 instet
730 2573 838 2634 amanti,

192 2632 227 2682 Et
235 2638 323 2699 grauis
334 2639 389 2705 ipse
398 2656 476 2705 super
485 2590 567 2689 bbere
577 2640 643 2689 cells
653 2640 735 2692 sedet.

160 2695 275 2754 Excubat
285 2702 329 2749 ille
341 2720 398 2752 acer·
409 2718 507 2754 custos,
519 2701 644 2770 attollere
655 2723 783 2769 nusquam
