1959 2984
63 185 116 252 (aa)
186 185 263 238 nro.
282 187 320 238 11.
349 188 469 242 nora
488 187 575 239 xxn.
591 186 692 240 xxm.
765 196 821 254 203

61 288 122 339 Non
133 302 180 353 ego
189 299 244 338 tam
253 289 347 339 facilis:
361 301 400 340 sat
411 292 459 341 erit
468 289 537 340 mihi
544 292 668 355 'cognitus
677 306 752 355 rnna,

94 356 146 404 Vel
155 367 197 416 tn,
207 358 251 406 vel
261 359 284 406 si
293 359 352 421 quis
362 360 448 408 varior·
458 375 513 408 esse
523 370 617 424 potest.

62 421 196 489 Apparent
210 441 262 473 non
273 426 326 474 vlla
335 438 392 475 toro
402 427 511 489 vestigia
519 442 618 491 presso,

95 490 177 553 Signa
186 491 335 556 voluptatis3
346 508 395 540 neo
405 494 513 542 iacuisse
524 492 600 542 duos.

61 553 221 622 Adspirant
230 559 258 607 in
267 570 321 608 roto
331 560 423 609 nullus
432 558 500 610 milri
512 575 619 626 corpore
629 570 721 627 surgat

94 623 214 690 Spiritus,
225 623 337 674 admisso
348 638 424 675 notus
436 625 574 676 adulterio.

61 689 141 749 Dixit,
152 703 177 739 et
186 694 304 758 opposita
312 694 461 759 propellens
470 696 559 743 suanir
569 693 667 755 dextra,

94 757 200 807 Prosilit
209 760 237 807 in
247 759 302 809 laxa
312 761 371 824 nixa
379 760 478 826 pedem
485 762 566 812 solea.

58 822 104 874 sic
120 841 169 888 ego
178 828 321 877 amsancti
332 841 416 877 custos
427 827 551 878 excludor
560 829 665 880 amoris.

92 891 134 941 Ea
143 892 188 942 illo
198 892 261 944 felix
269 910 322 946 nox
332 895 398 945 milri
408 896 482 946 nulla
491 896 551 945 luit.

256 1042 464 1105 oraora
494 1019 624 1101 xxn'r.

59 1123 192 1218 Quaeris,
203 1160 364 1210 carreriam
372 1159 421 1208 tihi
430 1156 547 1208 tardior?
558 1174 635 1207 aurea
645 1156 745 1212 Phoebi

90 1225 212 1276 Portions
222 1243 237 1274 a
245 1242 342 1290 magno
353 1227 462 1276 Caesare
472 1238 559 1291 aperta
568 1226 627 1274 suit.

58 1293 127 1343 Tota
137 1294 229 1354 eratin
239 1296 354 1359 speciem
364 1294 458 1343 Poenis
468 1291 568 1356 digesta
578 1292 720 1342 cormunis:

92 1360 167 1409 Inter
182 1375 245 1424 quas
255 1361 339 1410 Danai
348 1361 446 1410 femina
455 1358 531 1411 turba
541 1361 620 1409 seule.

58 1424 110 1476 Hic
121 1426 243 1489 equidem
253 1426 358 1477 Phoebo
368 1429 438 1480 visus
449 1426 517 1476 mihi
526 1426 661 1492 pulchrior
670 1426 728 1491 ipso

13 1505 14 1512 ’
93 1492 258 1546 Marmoreas
268 1496 343 1544 neira
354 1510 459 1546 carmen
469 1493 541 1544 hiare
551 1494 617 1560 lyra.

59 1558 146 1624 Atque
160 1577 231 1610 aram
240 1562 472 1612 circumsteterant
480 1573 596 1612 armenas
607 1561 726 1627 Myronis
781 1573 784 1582 ⁴

92 1627 212 1692 Quanror
221 1630 330 1679 artifices
339 1628 429 1679 vitaida
438 1631 514 1692 signa
527 1628 618 1677 boues.

60 1694 132 1743 Tum
140 1693 262 1743 medium
272 1694 358 1744 Clario
368 1694 490 1759 surgebat
499 1709 629 1748 marmore
639 1691 776 1759 ternplum,

93 1760 128 1809 Et
137 1761 219 1826 patria
228 1760 334 1820 Phoebo
345 1763 428 1810 carius
440 1761 559 1825 Ortygia.

60 1826 136 1877 Auro
147 1827 216 1877 Solis
226 1839 280 1876 erat
289 1843 366 1892 snpra
375 1828 476 1891 lastigia
491 1843 595 1886 currus,

94 1894 130 1942 Et
138 1893 239 1952 valnas,
249 1892 341 1959 Libyci
350 1893 438 1943 nobile
449 1893 535 1943 dentis
545 1909 621 1958 opus·

60 1959 153 2011 Altera
163 1958 275 2009 deiectos
287 1960 404 2010 Parnassi
413 1962 510 2010 vertice
521 1960 620 2019 Gallos,

96 2026 187 2077 Altera
200 2027 334 2078 moerebat
342 2028 433 2076 funera
443 2026 605 2076 Tantalidos.

61 2092 167 2144 Deinde
178 2095 245 2143 inter
254 2106 366 2144 matrem
376 2093 440 2143 deus
451 2096 519 2159 ipse,
530 2094 648 2157 interque
662 2106 786 2154 sororem,

97 2160 205 2227 Pythius
215 2163 243 2210 in
253 2162 331 2225 longa
341 2163 456 2210 earmina
465 2173 535 2210 veste
545 2172 627 2210 sonat.

62 2225 123 2278 Illic
133 2227 257 2294 adspicias
267 2229 381 2295 seopulis
392 2228 619 2288 haereresorores,

97 2295 131 2348 Et
139 2311 229 2344 canere
240 2297 338 2361 antiqui
349 2296 436 2346 dulcia
445 2296 513 2345 furta
523 2294 606 2345 Iouis:

63 2360 100 2413 Vt
110 2361 214 2412 Semela
224 2374 262 2411 est
271 2363 430 2423 combustus,
440 2376 468 2413 vt
477 2376 516 2415 est
525 2361 676 2429 deperditus
685 2360 728 2412 Iot

96 2429 217 2493 Denique
232 2441 260 2477 vt
268 2429 303 2478 ad
312 2429 406 2479 Troiae
416 2442 482 2480 tecta
491 2430 586 2478 volarit
595 2430 660 2476 auis.

63 2496 118 2563 Qni
127 2494 207 2556 videt,
218 2495 240 2546 ir
249 2508 351 2560 peceat:
362 2498 468 2559 quinon
480 2509 505 2546 et
514 2494 617 2550 viderit,
628 2508 692 2556 ergo

95 2563 157 2614 Non
167 2563 267 2629 cupiet:
276 2562 336 2611 sacti
348 2564 457 2612 crimina
466 2564 559 2611 lumen
568 2559 656 2608 hahet.

63 2627 176 2696 Quodsi
186 2644 264 2678 nemo
276 2641 363 2691 exstat,
373 2631 420 2694 qui
428 2630 522 2679 vicerit
530 2627 598 2675 alitis
608 2640 688 2685 arma,

97 2696 254 2746 Communis
265 2695 355 2762 cnlpae
366 2712 483 2747 currens
492 2709 559 2743 vnns
568 2689 651 2755 agor?
