1959 2984
84 105 139 173 (4³)
300 103 376 156 LIB.
395 102 431 155 1.''
446 102 566 158 ELEG·
585 104 636 158 lxi
791 118 845 174 105

84 209 172 274 Saepe
183 206 324 273 insperanti
333 207 405 256 renit
413 205 461 257 tibi
470 223 581 256 munere
592 215 691 273 nosuoj

119 276 155 325 Et
163 276 238 324 latuit
248 275 345 323 clausas
355 286 413 339 post
422 273 544 341 adoperta
553 275 631 325 sores.

83 343 161 394 Tum
169 343 249 389 miser
259 341 355 401 interii,
365 342 442 390 stulto
454 343 565 403 confisus
575 345 666 404 amari,

119 408 190 459 Nam
198 420 317 474 poteram
326 407 359 457 ad
368 410 474 473 laqueos
484 411 583 459 cautior
593 427 648 460 esse
659 423 726 462 tuos.

82 475 161 543 Quin
172 476 250 525 etiam
259 477 365 525 attonita
374 475 464 525 laudes
475 476 523 526 tihi
531 489 618 527 mente
630 478 764 530 canebam·

119 542 157 594 At
165 560 208 610 me
217 559 289 592 nunc
318 544 380 609 ostri
391 543 679 615 Qupquffller.

80 609 136 666 Ilia
145 612 228 660 velim
236 560 470 678 raptiiVutcanus
481 614 596 661 carmina
606 615 711 664 flamma

120 679 238 737 Torreat,
249 691 275 726 et
283 677 383 745 liquida
394 678 480 728 doleat
488 681 572 729 sumis
583 696 657 744 aqrrn.
795 677 801 686 ’

81 745 129 797 Tu
139 746 234 810 procul
244 745 305 794 hinc
314 745 390 805 absis,
401 747 444 794 cui
453 746 566 796 formam
576 746 688 796 rendere
699 764 760 798 cura
771 760 816 811 est,

118 812 155 861 Et
162 814 277 879 pretium
285 813 362 878 plena
373 812 471 876 grande
481 813 579 862 referre
589 830 679 863 manu.

80 877 122 932 At
131 890 166 939 te,
177 881 221 944 qui
231 897 345 946 puerum
352 879 431 930 donis
441 897 609 947 corrumpere
620 898 647 932 es
657 897 743 946 ausus,

118 944 212 996 Rideat
221 945 330 996 assiduis
340 964 403 996 vxor
413 948 497 997 inulta
507 946 583 1007 dolis,

81 1011 128 1071 Et,
140 1029 202 1065 cum
211 1013 309 1063 furtiuo
320 1016 448 1063 iuuenem
456 1013 594 1063 lassauerit
602 1031 659 1075 vsu,

120 1081 224 1130 Tecum
233 1082 384 1146 interposita
392 1079 520 1144 languida
528 1093 598 1130 veste
610 1081 697 1134 cubet·

83 1146 199 1214 Semper
211 1148 264 1196 sint
274 1160 377 1196 externa
386 1159 431 1196 tuo
441 1148 549 1211 vestigia
558 1148 635 1208 lecto,

118 1215 153 1264 Et
161 1226 248 1280 patent
257 1213 358 1280 cupidis
368 1231 471 1280 semper
481 1227 568 1280 aperta
578 1213 683 1266 domus·

81 1281 142 1336 Nec
151 1282 249 1331 lascIua
259 1299 332 1331 soror
342 1280 443 1330 dicamr
452 1282 528 1347 plura
538 1282 636 1331 bibisse

92 1386 102 1400 .
121 1348 226 1409 Pocula,
236 1349 280 1398 vel
288 1349 377 1414 plures
388 1351 620 1399 emeruisse'viros.

61 1417 66 1425 '
83 1415 165 1467 Elam
174 1432 248 1482 saepe
259 1415 346 1465 ferunt
356 1417 477 1464 conuiuia
488 1415 584 1466 ducere
594 1414 704 1479 Baccho,

64 1494 66 1497 “
120 1484 195 1533 Dum
203 1495 258 1531 rota
268 1483 383 1532 Luciferi
392 1497 517 1549 prouocet
527 1497 582 1534 orto
592 1483 674 1534 diem.

83 1549 137 1602 Illa
147 1550 219 1598 nulla
229 1563 306 1615 queat
314 1552 410 1600 melius
421 1567 574 1601 consumere
583 1564 697 1613 noctem,

119 1615 176 1668 Aut
185 1619 387 1684 operum,rarins
399 1617 556 1685 disposuisse
566 1620 646 1669 vices.

84 1682 122 1740 At
132 1695 176 1733 ma
184 1683 336 1750 perdidicit3
347 1702 397 1733 nec
406 1698 443 1745 tu,
453 1686 615 1745 stultissime,
626 1683 720 1745 sentisi'

121 1750 192 1801 Cum
200 1750 248 1800 tibi
259 1769 312 1800 non
322 1753 396 1800 solita
406 1767 500 1816 corpses
510 1751 541 1799 ab
552 1763 605 1800 arte
614 1760 716 1800 mouet.

86 1819 164 1870 Tune
174 1830 250 1883 putas
261 1818 335 1866 iliam
343 1835 391 1882 pro
401 1829 425 1865 te
436 1817 573 1882 disponere
585 1817 678 1876 crines,

120 1886 155 1934 Et
165 1897 257 1933 tenues
267 1882 348 1933 denso
358 1895 460 1949 pectere
471 1883 548 1933 dente
560 1879 664 1932 comas?

87 1951 139 2004 Ista
149 1951 214 1998 haec
223 1949 364 2017 persuadet
373 1951 459 2008 docies,
470 1967 584 2014 auroque
594 1949 703 1999 lacertos

120 2018 236 2076 Vinciat,
248 2029 273 2065 et
283 2018 363 2083 Tyrio
373 2016 481 2083 prodeat
490 2029 547 2084 apta
557 2019 626 2066 sinu.

87 2082 148 2137 tion
158 2083 214 2143 tihi,
225 2082 272 2132 sed
282 2085 373 2132 iuueni
385 2083 490 2133 cuidam
499 2086 556 2134 vult
564 2084 633 2134 bellu
642 2079 747 2143 rideris

123 2152 259 2200 Deuoueat
267 2168 315 2216 pro
326 2168 378 2217 quo
387 2168 496 2217 remque
508 2151 668 2218 domumque
679 2164 761 2202 tuam.

89 2217 146 2270 Nec
156 2219 215 2266 facit
224 2217 273 2267 hoc
283 2220 354 2277 vitio,
365 2217 412 2268 sed
423 2236 530 2286 corpora
539 2218 613 2269 foeda
622 2218 738 2286 podagra

77 2343 79 2345 Ι
95 2288 97 2291 ’
123 2285 158 2333 Et
167 2286 235 2334 senis
245 2286 378 2350 amplexus
390 2287 458 2335 culta
467 2287 554 2352 puella
564 2287 640 2352 fugit.

89 2349 160 2404 Huic
169 2363 256 2401 tamen
266 2353 387 2402 accubuit
396 2366 482 2404 noster
492 2352 569 2420 puer!
579 2353 650 2403 hune
660 2367 710 2416 ego
719 2347 825 2400 credam

126 2417 196 2467 Cum
206 2419 322 2469 trucibus
332 2420 466 2470 Venerem
476 2422 584 2484 iungere
596 2437 669 2486 posse
680 2418 753 2466 seris.

90 2484 266 2535 Blanditiasne
278 2503 348 2536 meas
358 2488 416 2536 aliis
425 2499 454 2535 tu
464 2487 576 2536 rendere
588 2504 614 2535 es
625 2500 700 2534 ausus
708 2479 731 2547 ,d

126 2553 201 2603 Tune
212 2553 269 2603 aliis
280 2552 388 2603 demens
398 2555 486 2604 oscula
495 2554 562 2603 forro
572 2547 649 2600 meai
