1959 2984
139 161 177 217 98
264 207 267 211 ,
331 148 473 230 [1111111
502 148 673 203 TIBVLLI
847 147 907 220 (22)

175 254 252 306 Sacra
262 252 356 314 Bonae,
366 252 482 302 maribus
491 268 545 300 uon
555 250 682 311 adeunda,
694 246 767 313 dere.

140 323 177 373 At
186 321 253 370 mihi
262 323 285 371 si
296 319 392 379 credas,
404 320 479 368 iilam
487 336 580 383 sequar
590 335 657 368 runs
667 317 702 367 ad
710 335 776 368 aras.

122 410 129 418 ·
174 391 251 438 Tune
259 387 327 437 mihi
337 404 391 436 non
401 386 482 436 oculis
493 388 527 435 sit
535 387 653 435 timuisse
662 386 740 439 meis.

143 456 233 521 Saepe,
242 455 317 511 ‚velut
326 470 443 518 gemmas
454 455 510 502 eius
519 453 660 516 signumue
670 450 818 519 probarem,

175 522 226 572 Per
236 537 341 571 causam
350 522 462 570 memini
471 536 514 569 me
522 520 640 583 ⁴tetigisse
651 536 770 569 manum.

142 589 224 654 Saepe
234 604 308 638 mero
318 603 442 637 somnum
450 589 542 653 peperi
551 586 612 635 tibi:
622 599 647 637 at
657 588 711 652 ipse
721 585 846 637 bibebam

142 694 145 697 -
176 655 269 706 Sobria
278 657 409 722 supposita
418 655 512 720 pocula
521 655 603 702 victur
613 670 688 719 aqua.
847 648 852 655 ⁴

141 723 200 774 Non
211 737 261 787 ego
271 734 295 772 te
305 723 368 771 laeii
377 720 506 787 prudeus3
517 722 621 784 ignosce
631 722 734 782 fatenti3

174 790 253 838 Iussit
262 787 357 850 Amor3
369 796 456 837 contra
467 789 525 853 quis
535 787 600 836 ferat
610 804 681 836 arma
690 782 773 836 deos?

141 856 189 906 Ille
200 872 250 920 ego
260 872 328 917 sum,
341 853 398 921 (nec
407 872 450 905 me
461 857 514 904 iam
524 853 611 902 dicere
622 871 682 905 reru
691 853 810 921 pudebit)

174 921 289 972 Instabat
297 934 350 972 tota
359 923 402 971 cui
412 934 456 971 tua
467 933 541 971 nocte
554 922 633 971 canis.
694 947 704 963 ο

141 989 215 1056 Quid
224 1002 313 1038 tenera
323 989 370 1038 tibi
381 990 493 1052 coniuge
504 986 587 1053 opus?
602 1001 645 1037 tua
655 989 677 1037 si
687 987 754 1038 bona
763 989 850 1039 nescis

175 1057 293 1117 Servare,
304 1055 337 1105 ab
347 1056 442 1106 frustra
452 1057 533 1104 clauis
544 1054 728 1105 incensoribus.

141 1126 181 1174 Te
190 1135 269 1183 tenet,
280 1123 398 1173 absentes
408 1123 471 1172 alios
481 1123 594 1187 suspirat
602 1138 712 1183 amores,

174 1191 209 1239 Et
218 1191 324 1240 simulet
333 1190 427 1249 subito,
438 1188 602 1238 condoluisse
613 1201 698 1255 caput.

141 1256 177 1308 At
185 1257 253 1306 mihi
263 1256 419 1306 seruandam
429 1254 526 1315 credas,
537 1272 589 1304 non
600 1272 676 1304 sacua
685 1268 776 1306 recuso

174 1324 299 1383 Verbera,
310 1317 425 1371 detreetb
435 1338 489 1369 nun
500 1337 549 1385 ego
559 1322 645 1369 vincla
654 1322 764 1387 pedum.

139 1391 218 1443 Tune
228 1389 320 1455 procul
329 1386 424 1445 ebrius,
436 1388 553 1450 quisquis
565 1386 627 1435 colis
638 1400 690 1437 arte
702 1389 818 1457 capillos,

172 1457 264 1507 Effluit
273 1455 354 1503 effuso
365 1455 408 1501 cui
418 1465 476 1516 toga
486 1452 543 1501 laxa
553 1454 623 1503 sinu.
855 1450 862 1455 ⁹

138 1522 267 1590 Quisquis
278 1531 303 1569 et
313 1531 438 1576 occurret,
449 1536 482 1567 ne
491 1521 573 1584 possit
583 1522 682 1570 crimen
693 1521 798 1584 habere,

174 1592 233 1641 Stet
240 1588 341 1653 procul,
351 1597 396 1636 aut
404 1586 454 1635 ulia
463 1599 513 1635 stet
520 1588 614 1654 procul
623 1600 680 1637 ante
691 1591 741 1636 via.

137 1659 183 1708 Sic
192 1655 252 1705 fleri
262 1652 335 1702 iubet
344 1655 398 1720 ipse
410 1651 486 1715 deus3
497 1655 535 1702 sic
543 1670 639 1719 magna
646 1653 765 1703 sacerdon

139 1766 143 1777 ‚
171 1724 218 1773 Est
225 1719 295 1770 mihi
305 1720 397 1769 diuino
407 1721 542 1771 vaticinata
551 1738 624 1770 sonu.

136 1790 206 1842 Haec
216 1786 262 1838 vbi
271 1786 392 1836 Bellonae
402 1799 476 1836 motu
487 1799 526 1836 est
534 1789 634 1851 agitata,
645 1803 693 1836 nec
703 1803 793 1836 acrem

170 1859 327 1915 Flammam,
338 1871 392 1905 non
401 1871 490 1904 emens
503 1854 608 1904 verbera
617 1866 683 1903 torta
692 1855 776 1904 timet.

136 1925 195 1992 Ipsa
205 1924 320 1991 bipenne
332 1939 393 1972 suos
403 1921 487 1971 caedit
496 1922 608 1971 violenta
617 1921 736 1982 lacertos,

171 1990 358 2057 Sanguineque
370 1991 450 2038 effuso
461 1990 558 2054 spargit
568 1988 650 2038 inulta
661 1988 747 2038 deam.

137 2059 243 2124 surque
253 2060 321 2108 latus
331 2057 440 2122 praefixa
450 2072 528 2116 veru3
539 2067 588 2105 stet
597 2057 682 2104 saucia
691 2066 792 2122 pectus,

171 2126 204 2176 Et
214 2128 282 2176 cruit
294 2134 412 2181 eucntm,
423 2138 487 2184 quos
498 2119 546 2168 deu
555 2136 650 2184 magna
659 2134 760 2172 monet:

50 2241 55 2252 ,
122 2236 124 2240 .
138 2191 247 2251 Parcite,
257 2205 339 2255 quam
349 2186 461 2236 crutodit
470 2184 562 2246 Amor,
573 2188 669 2236 riolnre
680 2190 806 2256 puellam,

169 2260 209 2307 Nc
219 2259 310 2324 pigeat
318 2268 414 2316 magno
424 2264 482 2318 post
492 2251 614 2302 didicisse
625 2256 708 2304 melo:

136 2326 271 2388 Attigeris‚
281 2320 482 2384 labentur-opes,
491 2329 520 2369 vt
529 2320 636 2370 vnlnere
647 2334 735 2372 nostro

170 2391 291 2453 Sanguis,
302 2398 331 2438 11
341 2385 384 2433 hic
393 2388 476 2434 ventis
487 2385 660 2452 diripiturque
672 2390 747 2439 ciuis.

136 2457 170 2506 Et
178 2456 226 2505 tibi
236 2454 323 2505 nescio
334 2468 398 2519 quus
409 2451 481 2511 dirit,
491 2468 550 2500 meu
560 2453 644 2514 Deba,
654 2472 763 2520 poenas3

171 2522 200 2571 Si
209 2534 297 2585 tamen
307 2515 436 2578 ruminas,
446 2520 487 2578 sit,
498 2535 598 2584 precor,
609 2521 654 2569 ille
665 2522 742 2571 leuis.
836 2572 839 2575 ,

136 2588 195 2640 Non
206 2604 254 2651 ego
265 2600 289 2638 te
299 2600 404 2655 propter
413 2602 491 2653 parco
501 2584 557 2647 tibi,
568 2585 614 2635 sed
624 2598 668 2636 tua
677 2599 761 2639 meter

171 2654 214 2706 Mc
224 2667 322 2718 mouet,
333 2666 409 2721 etque
420 2655 471 2704 ires
481 2668 559 2703 curer
567 2653 649 2705 vincit
658 2669 733 2706 euru.
