1959 2984
114 150 182 221 (207)
383 148 387 155 '
415 148 467 201 ‘LI
475 148 570 199 BER.
835 162 872 219 53

112 253 173 320 Ipse
185 264 272 302 autem
282 264 356 300 caeca
365 262 483 300 mentem
498 250 611 316 caligine
621 248 740 304 Theseus

113 321 237 371 Consitus
247 318 328 368 oblito
343 318 443 368 dimisit
451 331 555 384 pectore
566 329 666 380 cuncta,

114 389 190 453 Quae
200 385 320 435 mandata
330 387 402 451 prius
414 387 539 435 constanti
548 397 636 435 mente
648 385 764 438 tenebat:

113 454 209 517 Dulcia
219 470 267 502 nec
275 465 375 502 moesto
385 453 523 502 sustollens
533 455 607 518 signa
616 455 725 520 parenti,

114 522 245 586 Sospitem
255 519 434 569 Erechtheum
443 537 470 568 sc
481 520 593 570 ostendit
602 523 684 570 visere
694 532 810 588 portum.

112 588 233 652 Namque
243 587 346 649 serunt,
359 587 439 637 olim
453 589 527 637 classi
537 605 621 653 quum
630 591 732 637 moenia
742 589 817 641 dirae

112 655 291 719 Linquentem
301 666 411 718 gnatum
419 656 503 705 ventis
515 653 682 705 'concrederet
690 653 805 722 Aegeus,

114 722 190 772 Talia
200 723 367 786 complexum
374 721 462 784 juveni
476 722 597 772 mandata
606 721 721 773 dedisse:

115 788 200 839 Gna‘te
210 788 278 837 mihi
287 789 366 853 longa
374 789 599 853 jucundiorrniee
605 792 671 850 rita,

115 856 272 921 Gnate,'ego
280 872 360 921 quem
369 857 396 904 in
407 856 501 906 dubios
511 873 588 921 cogor
599 855 729 906 dimittere
739 862 821 922 casua

45 968 48 971 .
114 921 224 972 Reddite
236 924 266 971 in
274 935 402 972 extremae
413 941 498 989 nuper
508 924 575 972 mihi
585 925 635 972 fine
645 936 775 974 senectae:

114 988 319 1055 Quodoquidem
327 991 429 1039 fortuna
439 1007 506 1046 mea,
517 1008 547 1039 ac
555 1001 599 1039 tua
609 990 708 1039 fervida
718 992 800 1042 virtus

116 1057 199 1120 Eripit
209 1058 289 1106 invito
299 1057 366 1105 mihi
377 1070 409 1115 te,
421 1059 483 1121 qttoi
493 1056 618 1120 languida
627 1056 747 1106 nondum

112 1123 228 1188 Lumina
237 1136 298 1173 sunt
306 1126 378 1187 gnati
390 1140 447 1171 cara
456 1135 568 1171 saturata
578 1125 673 1186 figura:

112 1190 174 1238 Non
185 1206 233 1253 ego
243 1201 267 1239 te
278 1190 395 1253 gaudens
404 1190 512 1239 laetanti
520 1201 623 1256 pectore
634 1191 747 1253 mittamg

113 1255 169 1305 Nec
179 1267 203 1304 te
213 1257 280 1304 ferre
291 1257 503 1305 sinam'fortunae
514 1259 588 1321 sIgna
597 1257 736 1306 secundae.
858 1310 862 1319 ,

113 1321 168 1372 Sed
177 1324 293 1388 primum
303 1325 398 1373 multas
409 1321 560 1390 ¹cr'rpromam
569 1337 656 1372 mente
668 1324 793 1389 querelas,
861 1372 864 1383 ⁴

112 1387 244 1445 Canitiem
255 1403 330 1450 terra,
341 1402 416 1455 atque
427 1390 517 1440 infuso
524 1386 629 1458 polrere
640 1388 746 1441 foedans
752 1410 760 1455 5

111 1454 177 1505 Inde
188 1456 282 1505 insecta
290 1472 356 1521 rago
366 1456 525 1522 suspendam
539 1460 616 1507 iintea
625 1459 704 1518 malo,

110 1522 220 1572 Nostros
228 1537 256 1572 rt
265 1525 358 1583 luctus,
368 1537 521 1640 nostraepue
533 1525 652 1573 incendia
661 1526 765 1587 mentis,

112 1588 243 1638 Carbasus
251 1590 385 1639 obscurata
396 1576 465 1640 dicet
485 1584 610 1655 err'irgiue
619 1592 726 1641 Hibera.

111 1647 192 1720 Quod
202 1656 249 1704 tibi
259 1658 282 1706 si
290 1659 371 1707 sancti
381 1660 538 1707 concesserit
547 1660 631 1706 incola
642 1660 718 1715 Itoni,

111 1723 186 1787 Quae
197 1735 315 1773 nostrum
324 1741 417 1788 genus,
428 1740 457 1773 ac
466 1724 541 1773 sedes
551 1722 692 1773 defendere
703 1722 842 1773 Erechthei

110 1786 221 1850 Annuit,
231 1801 261 1839 vt
268 1793 337 1840 tauri
346 1806 481 1854 respergas
493 1791 619 1852 sanguine
630 1789 759 1837 dextram:

110 1855 184 1905 Tum
192 1873 256 1906 vero
264 1857 351 1918 facito,
358 1861 388 1905 ‘rt
397 1857 510 1905 memori
520 1856 567 1902 tilii
578 1854 680 1902 condita
691 1850 768 1902 corde

110 1921 181 1971 Haeo
190 1925 294 1986 rigeant
303 1920 436 1983 mandata,
447 1937 497 1969 nec
507 1921 557 1970 vlla
568 1920 687 1969 obliteret
697 1934 776 1972 actas:

109 1988 146 2038 Vt
155 1989 236 2037 simul
245 2007 275 2039 ac
284 2002 385 2039 nostros
397 1990 510 2038 invisent
523 1989 625 2036 lumina
636 1988 724 2048 colles,

110 2055 253 2104 Funestam
262 2069 399 2106 antemnae
410 2056 542 2123 deponant
550 2055 665 2120 rudique
676 2068 784 2123 restem1

109 2119 278 2188 Candidaque
290 2124 378 2173 intorti
393 2124 530 2173 sustollant
538 2124 595 2173 vela
605 2122 741 2173 rudentes:

108 2187 210 2239 Lucida
220 2206 269 2253 qua
279 2190 418 2257 splendent
427 2192 525 2241 summi
536 2189 664 2240 carchesia
674 2191 750 2240 mali:

107 2254 315 2321 Quamprimum
325 2258 433 2308 cernens
442 2272 470 2308 rt
479 2259 545 2308 laeta
554 2258 649 2323 gaudia
658 2271 747 2309 mente

107 2321 267 2384 Agnoscam,
278 2340 363 2388 quum
372 2338 396 2374 tc
406 2324 532 2374 reducem
542 2339 609 2376 aetas
619 2342 743 2392 prospera
752 2324 832 2374 sistet.

107 2388 178 2436 Haec
193 2389 314 2443 mandata
323 2394 396 2457 prius
408 2395 630 2457 constantiniente
640 2404 775 2443 tenentem
843 2392 846 2397 ’

106 2452 218 2513 Thesea,
325 2459 376 2507 lsae
387 2455 526 2526 rerrtfflrm
535 2463 641 2524 flamine
649 2459 733 2527 pubes

105 2519 224 2634 Q
229 2525 300 2591 ψει
310 2537 415 2587 monus,
424 2523 543 2591 liquem?
549 2524 683 2585 cacumen.

19 2642 20 2669 1
107 2627 115 2635 .
131 2599 142 2636 t
151 2600 239 2653 pater,
254 2602 282 2640 vt
289 2583 394 2640 “stimma
404 2605 572 2658 prospectum
582 2606 613 2637 cx
622 2605 679 2636 arce
690 2584 799 2650 petebat,

73 2668 79 2673 ·
107 2651 193 2706 Anxia
203 2656 232 2704 in
243 2655 359 2709 assiduos
369 2656 509 2706 absumens
519 2657 621 2704 lumina
631 2657 724 2703 fletus:
