1959 2984
157 161 213 220 176
404 152 670 206 PROPERTH
895 156 924 225 (e

191 258 264 324 Quae
274 272 333 307 mea
341 273 395 307 non
405 255 491 306 decies
501 258 602 307 somnia
610 267 695 306 versat
703 251 792 325 aunei.

156 326 245 376 Hostis
255 327 277 374 si
287 327 345 390 quis
356 327 406 373 erit
414 324 497 383 nobis,
508 336 577 373 amet
586 324 631 372 ille
641 324 757 391 puellae:

192 392 310 443 Gaudeat
320 393 348 440 in
356 408 451 458 puero,
462 393 484 440 si
495 393 554 455 quis
564 392 663 440 amicus
673 392 732 441 erit.

158 460 313 524 Tranquillo
322 471 376 508 tuta
386 457 521 507 descendis
532 458 639 507 flumine
650 457 754 526 cymba:

192 525 266 592 Quid
279 525 326 575 tibi
337 537 390 574 tam
398 527 474 590 parui
482 526 566 574 litoris
576 523 646 574 vn'ds
655 523 749 575 nocet?

157 591 234 646 Alter
243 609 317 659 saepe
327 609 378 643 vno
388 604 472 642 mutat
480 590 631 659 praecordia
639 592 733 642 verber
765 622 768 627 >

193 659 283 710 Altera
291 661 335 709 vix
344 661 400 726 ipso
411 660 537 726 sanguine
546 659 635 709 mollis
650 661 708 709 erit.

367 793 682 871 'nnnclnlu

157 892 232 976 Hoc
241 942 334 975 rerum
343 938 389 987 est,
400 937 451 976 tcta
461 938 485 975 tc
497 925 567 985 ferri,
579 924 704 993 Cynthia,
714 924 805 985 Roma,

191 995 225 1043 Et
234 1011 285 1042 non
297 995 385 1058 ignota
394 996 483 1043 viuere
498 990 633 1058 nequitia?

157 1059 227 1110 Haec
237 1063 323 1110 merui
333 1058 455 1128 sperare?
465 1059 538 1110 debis
548 1059 623 1121 mihi,
633 1057 738 1126 perfida,
747 1072 858 1127 poem·

190 1129 224 1178 Et
233 1128 308 1177 uobis
318 1126 424 1194 Aquilo,
435 1126 560 1193 Cynthia,
570 1139 663 1177 ventus
674 1128 731 1177 erit.

157 1191 297 1245 Inueniam
305 1207 392 1245 tamen
403 1213 417 1244 e
426 1196 518 1244 multis
527 1194 661 1245 fallacibus
671 1209 757 1255 enam,

192 1263 265 1326 Quae
280 1263 338 1311 fieri
348 1274 436 1311 nostro
445 1263 560 1311 carmine
571 1273 632 1310 nota
639 1261 716 1323 velit3

157 1328 213 1376 Nec
227 1328 293 1377 mihi
303 1340 357 1377 tam
367 1327 440 1378 duris
450 1329 558 1376 insultet
566 1327 692 1386 moribus,
704 1337 730 1377 et
738 1338 764 1377 te

191 1395 312 1443 vellicet.
331 1395 391 1442 Heu
405 1410 463 1442 sero
473 1393 546 1442 flebis
557 1405 640 1442 amata
649 1391 709 1442 eliu!

159 1461 236 1511 Nunc
246 1472 284 1509 est
293 1462 331 1508 ira
340 1476 438 1518 recens,
449 1475 520 1507 nunc
531 1471 569 1508 est
578 1458 713 1509 discedere
724 1471 841 1528 tempus!

192 1527 221 1576 Si
231 1524 305 1575 dolor
315 1525 433 1585 abfuerit,
445 1525 534 1586 crede,
545 1525 642 1575 redibit
651 1542 733 1576 anter.

158 1593 217 1643 Non
228 1595 262 1641 ita
273 1591 424 1658 Carpathiae
434 1594 535 1642 variant
544 1590 720 1658 Aquilonibus
729 1592 823 1652 rudae,

192 1659 247 1710 Nec
257 1658 338 1708 dnbio
349 1659 431 1709 nubes
441 1661 551 1709 vertitur
561 1672 615 1710 atra
624 1660 700 1720 Noto,
714 1721 717 1726 λ

159 1727 246 1794 Quam
255 1726 329 1776 facile
340 1728 399 1776 irati
408 1726 488 1776 verbo
499 1739 632 1777 mutantur
642 1738 767 1778 amanter.

192 1794 266 1843 Dum
275 1795 345 1854 licet,
355 1795 451 1843 iniusto
461 1794 583 1843 subtrahe
598 1796 665 1844 colla
679 1797 751 1859 iugo.

159 1860 215 1912 Nec
224 1873 252 1911 tu
263 1878 316 1911 non
326 1861 439 1927 aliquid,
449 1861 496 1911 sed
505 1863 591 1928 prima
600 1875 675 1912 nocte
686 1861 799 1912 dolebis:

195 1927 282 1978 Omne
294 1931 322 1978 in
332 1945 420 1979 amore
430 1930 540 1989 malum,
551 1929 573 1978 si
582 1929 687 1994 patiare,
696 1929 757 1979 leue
768 1940 817 1980 eet.

160 1994 195 2044 At
204 2007 241 2054 tu,
251 2013 298 2061 per
309 1995 429 2047 dominae
440 1997 548 2046 Iunonis
558 1995 644 2046 dulcia
654 1998 719 2057 iura,

194 2061 272 2111 Parce
283 2065 334 2111 tuis
345 2065 447 2123 animis,
458 2064 518 2123 vita,
529 2079 622 2112 nocere
637 2063 695 2113 tibi.
784 2108 791 2117 .

160 2127 220 2179 Non
229 2128 317 2178 solum
326 2141 415 2180 taurus
424 2130 485 2180 ferit
493 2131 566 2180 rucis
576 2130 697 2181 cornibus
707 2128 818 2189 bostem,

193 2194 295 2242 Verum
305 2196 383 2243 etiam
392 2197 497 2245 instanti
506 2196 575 2245 laesa
583 2210 711 2264 repugnat
725 2198 790 2246 ouis.

159 2260 215 2310 Nec
229 2260 276 2310 tibi
290 2262 396 2326 periuro
407 2261 525 2311 scindam
533 2261 566 2311 de
577 2278 683 2331 corpore
693 2275 800 2320 restent,

194 2328 248 2377 Nec
258 2344 317 2376 mea
325 2329 470 2394 praeclusas
481 2330 589 2394 fregerit
598 2332 636 2380 ira
646 2331 726 2380 sores:
753 2344 757 2350 ·

118 2418 124 2429 ·
161 2394 216 2444 Nec
230 2393 277 2444 tibi
288 2410 415 2446 connexos
426 2399 505 2446 iratus
516 2412 620 2464 carpere
632 2400 725 2456 crines,

195 2459 249 2515 Nec
259 2460 332 2510 duris
344 2470 428 2513 ausim
437 2462 540 2512 laedere
551 2463 700 2528 pollicibus.

160 2526 279 2577 Rusticus
290 2528 354 2577 haec
363 2530 521 2595 aliquis-tam
531 2531 615 2594 turpia
624 2530 723 2595 proelis
733 2541 849 2595 quaeret

194 2591 274 2641 Cuius
285 2611 338 2642 non
349 2594 458 2644 hederae
470 2596 596 2643 circuiere
607 2609 692 2661 caput.

160 2653 277 2717 Scribam
288 2661 377 2725 igitur,
387 2672 431 2731 tua
441 2659 511 2731 quod
522 2676 656 2729 nunquam
666 2661 880 2729 debuerit-eletas,
