1959 2984
147 167 204 224 202
394 157 660 213 Puooaam
716 175 719 180 ·
863 158 917 227 (sa)

148 245 237 314 Redde
248 264 327 312 etiam
337 262 456 312 excubias
467 262 542 326 diua-e
553 279 638 324 nunc,
648 265 864 325 ammes

166 317 292 396 *thltias'
303 343 426 396 noete-set
435 330 586 400 mihipsolue
597 331 698 390 decem.
798 326 800 330 ’

353 479 557 543 ELEGIA
587 481 699 543 XXII.

149 564 301 660 Hesterna,
311 615 370 658 mea
378 599 437 660 lux,
449 612 595 666 compotus
604 612 679 649 nocte
689 601 807 664 vagarer}

181 668 236 718 Nec
251 684 293 716 me
304 683 441 715 semorum
451 666 559 718 duceret
567 667 618 715 vlla
628 683 731 726 manus,
787 685 793 694 ⁸

148 734 236 786 Obuia
246 735 332 783 nescio
343 745 406 799 quot
415 736 489 799 pueri
499 734 566 783 mihi
576 733 652 783 turba
661 736 764 783 minute
799 785 802 790 ξ
836 755 839 762 ’

179 802 304 852 Venerat:
320 799 376 866 (hos
386 802 468 851 vetuit
475 816 519 849 me
529 816 666 855 numerare
676 803 756 850 timor
761 800 778 866 ι)

63 915 65 922 ,
146 869 269 935 Quorum
278 867 322 916 alii
331 867 436 927 faculas,
447 867 493 915 alii
502 868 615 916 retinere
625 868 737 931 sagittas,
770 925 772 928 ¹

180 935 241 985 Pars
252 936 330 984 etiam
339 936 394 984 visa
403 945 441 984 est
449 934 536 983 vincla
545 949 634 1001 parare
644 934 723 984 mihi.

147 1000 201 1052 Sed
210 1000 276 1051 nudi
285 1001 397 1052 fuerant.
418 1001 539 1067 Quorum
547 1002 668 1051 lasciuior
677 1008 756 1062 vnua,'

180 1067 295 1136 Arripite
305 1068 384 1128 huuc,
395 1070 490 1133 inquit:
501 1084 562 1117 nam
571 1067 637 1117 bene
648 1070 728 1118 nostis
739 1066 812 1122 eum

146 1132 198 1186 Hic
208 1148 272 1184 erat:
287 1134 358 1184 huuc
367 1136 464 1186 mulier
473 1134 549 1184 nobis
559 1136 622 1185 irata
631 1136 735 1186 locauit.

182 1202 263 1262 Dixit,
274 1214 299 1251 et
309 1204 336 1250 iu
348 1202 415 1250 collo
424 1204 477 1251 iam
485 1201 554 1251 mihi
564 1201 648 1252 nodus
659 1215 722 1253 erat.

146 1269 197 1321 Hic
207 1269 271 1318 alter
281 1269 353 1319 iubet
362 1271 390 1318 in
399 1268 521 1320 medium
528 1270 688 1335 propellere:
704 1282 730 1320 et
738 1270 813 1333 alter,

180 1335 301 1394 Intereat,
312 1337 356 1401 qui
366 1353 413 1385 nos
423 1352 476 1384 nou
485 1348 558 1401 putat
568 1354 621 1386 esse
632 1334 705 1386 deos.

146 1401 217 1452 Haec
227 1414 251 1451 te
262 1419 315 1451 nou
324 1404 451 1452 meritum
459 1414 523 1452 totas
533 1415 662 1470 exspectat
671 1405 698 1453 in
709 1402 796 1455 horas:

180 1468 217 1519 At
226 1480 254 1517 tu
263 1470 350 1518 nescio
361 1486 423 1534 quus
433 1471 543 1535 quaeris,
554 1472 649 1537 inepte,
659 1471 738 1521 soros.

148 1538 222 1602 Quae
238 1552 299 1585 cum
308 1533 431 1586 Sidoniae
441 1549 569 1590 nocturna
578 1539 703 1602 ligamina
712 1539 804 1588 mitrae

181 1603 303 1661 Soluerit,
313 1614 390 1667 atque
402 1604 491 1653 oculos
500 1606 617 1653 mouerit
625 1606 671 1653 illa
685 1620 788 1669 gruum,

147 1667 289 1720 Adssabunt
298 1669 346 1718 tibi
356 1686 409 1719 non
418 1669 538 1720 Arabum
547 1669 580 1721 de
590 1674 708 1736 gramine
718 1672 826 1734 odores3

181 1734 235 1786 Sed
249 1753 313 1801 quos
324 1738 378 1801 ipse
389 1739 443 1786 suis
452 1737 514 1787 fecit
522 1736 606 1788 Amor
615 1738 746 1789 manibus.
830 1788 835 1796 ,

119 1797 123 1806 ’
147 1802 246 1852 Parcite
257 1805 317 1860 iam,
328 1805 431 1852 fratres:
445 1806 498 1853 iam
508 1818 590 1854 certos
600 1805 710 1871 spondet
719 1822 830 1867 amores,

180 1871 215 1919 Et
229 1869 323 1920 iatu'ad
333 1869 481 1920 mandatam
490 1873 611 1921 venimus
621 1889 680 1921 ecce
691 1872 811 1922 domum.

146 1935 234 2002 Atque
250 1940 284 1987 ita
297 1938 336 1988 mi
346 1939 441 1987 iniecto
452 1936 573 1989 dixerunt
582 1956 672 1989 rursus
683 1942 788 2000 amictu,

180 2005 193 2054 1
203 2021 287 2062 nuuc,
299 2017 325 2053 et
334 2017 422 2054 noctes
433 2004 503 2054 disce
513 2024 619 2056 manere
630 2005 713 2056 (lomi.

146 2069 224 2123 Mane
236 2084 297 2131 erat,
308 2084 334 2121 et
342 2070 428 2131 volui,
438 2073 460 2121 si
473 2073 527 2122 sola
538 2076 682 2138 quiesceret
691 2074 745 2135 ills,

179 2135 284 2186 Visere:
298 2148 324 2187 at
333 2139 361 2187 iu
371 2140 439 2188 lecto
450 2138 562 2205 Cynthia
575 2141 629 2190 sola
638 2141 696 2192 suit.

146 2200 290 2268 Obstupui:
304 2204 414 2252 nonina
422 2204 490 2253 mihi
500 2206 638 2256 formosior
649 2223 763 2273 unquam

180 2269 250 2330 Visa,
261 2284 347 2333 neque
358 2270 454 2319 ostrina
464 2287 526 2320 cum
536 2273 584 2321 suit
593 2276 622 2323 in
631 2277 728 2324 muica.

145 2335 203 2388 Ibat
217 2349 243 2387 et
252 2335 314 2386 hinc
325 2349 405 2385 castae
416 2350 549 2386 narratum
558 2343 660 2391 somnia
669 2343 771 2401 Vestae,

16 2447 17 2456 ,
101 2441 115 2472 ,,
179 2403 239 2454 Neu
249 2403 307 2462 sibi,
317 2420 384 2452 neue
395 2403 461 2453 mihi
472 2421 537 2467 quae
549 2409 666 2458 nocitura
676 2409 770 2459 forent.
797 2457 800 2466 ι

145 2470 219 2520 Talis
229 2472 283 2520 visa
292 2470 360 2519 mihi
370 2487 462 2520 somno
474 2470 585 2524 demissa
595 2476 705 2526 recenti.

179 2536 239 2587 Heu
249 2550 377 2601 quantum
385 2554 433 2603 per
443 2554 469 2585 se
480 2538 589 2588 candida
599 2542 682 2590 forma
692 2538 772 2591 valeti

145 2601 207 2664 Quo
216 2614 245 2652 tu
255 2605 406 2663 matutinus
417 2606 459 2663 ait,
472 2607 618 2669 speculator
628 2606 745 2657 amicae?

178 2667 223 2717 Me
238 2669 354 2722 similem
365 2672 455 2727 vestris
466 2671 584 2722 moribus
594 2690 650 2724 esse
659 2672 755 2741 putas?
