1959 2984
135 125 189 181 155
381 111 646 167 raoraarn
855 116 901 184 (υ)

168 218 308 271 Abstralsat
320 229 432 268 anostro
441 217 553 282 puluere
567 216 674 281 iniquus
684 213 785 278 Arnon
870 274 874 278 .

135 290 218 351 Cogat
228 298 254 336 et
263 287 375 336 inuitam
383 286 503 334 lacrimas
513 285 609 332 siccare
620 281 756 332 cadentes!

168 355 294 405 Flectitur
304 350 414 402 assiduis
425 364 494 400 certa
503 351 590 417 puella
600 351 690 399 minis.
972 346 974 429 l

136 423 233 488 Quare,
244 421 310 470 dum
318 421 388 477 lieet,
399 420 468 468 iuter
478 435 525 466 nos
535 417 663 466 laetemur
672 429 806 469 amantes:

91 528 95 537 .
168 488 228 540 Non
238 489 299 538 satis
310 498 350 537 est
358 486 539 553 vllotempore
549 485 646 548 longus
656 499 739 534 amor.
963 460 974 605 1

355 633 564 699 ELEGIA
596 633 668 694 XX.

135 723 208 807 Hoc
216 770 266 822 pro
275 756 399 804 continuo
408 765 443 813 te,
455 752 542 813 Galle,
552 762 691 801 monemus
700 767 801 818 amore,

168 823 199 873 Id
209 821 300 872 tibine
310 839 391 871 vacuo
402 819 499 869 defluat
508 835 539 868 ex
549 821 650 871 animo:

134 892 217 955 Saepe
227 889 389 955 imprudenti
398 888 502 937 fortuna
511 888 625 936 oemurit
633 889 739 938 amanti.

168 955 291 1006 Crudelis
301 957 400 1022 Minyis
410 954 506 1004 dixerit
514 951 653 1003 Ascanius.

134 1027 181 1075 Est
190 1023 238 1073 tibi
248 1041 302 1073 nou
312 1024 378 1073 inira
388 1023 511 1087 speciem,
521 1038 575 1070 non
585 1023 692 1071 nomine
703 1020 793 1089 dIspnr
839 1050 842 1056 ·

168 1090 376 1141 Thiodamanteo
385 1091 520 1156 proximus
530 1088 607 1138 ardor
617 1089 711 1155 Hylae.
798 1143 801 1149 ,

133 1159 203 1208 Huic
212 1170 250 1217 tu,
261 1158 317 1207 siue
328 1158 402 1222 leges
411 1156 548 1206 umbrosae
558 1158 667 1206 flumina
677 1155 767 1218 siluae,

169 1225 232 1275 Siue
243 1222 346 1274 Aniena
355 1237 413 1274 tuos
423 1224 529 1273 tinxerit
537 1222 607 1272 unda
616 1222 705 1289 pedes,

135 1292 199 1343 Siue
210 1292 339 1356 Gigantea
350 1289 491 1357 spatiabere
502 1289 586 1338 litoris
596 1301 649 1349 ora,

169 1359 233 1413 Siue
243 1358 391 1421 ubicumque
401 1371 467 1419 vago
478 1357 595 1404 fluminis
605 1355 727 1420 hospitio,

134 1425 318 1493 Nympharum
327 1438 430 1486 semper
440 1420 547 1491 cupidas
558 1418 671 1470 defende
682 1425 796 1489 rapinas.

168 1492 228 1543 Non
237 1491 324 1539 minor
332 1487 458 1539 Ausoniis
468 1498 508 1536 est
516 1503 590 1536 amor
599 1487 632 1537 alr
642 1489 766 1556 Dryasin.

133 1558 175 1612 Ne
185 1557 234 1607 tibi
244 1557 277 1607 sit
287 1554 366 1605 duros
376 1567 478 1605 montes
489 1565 517 1604 et
523 1554 620 1619 frigida
629 1572 696 1616 saxa,

168 1624 255 1683 Galle,
265 1639 351 1689 neque
362 1634 479 1690 expertos
489 1639 593 1690 semper
602 1621 674 1673 adire
683 1623 770 1675 lacus:

132 1693 207 1760 Quae
217 1692 299 1741 miser
309 1691 406 1756 ignotis
417 1706 490 1740 error
499 1707 637 1757 perpessus
648 1692 676 1741 in
687 1693 740 1742 oris

166 1759 298 1820 Herculis,
308 1758 438 1809 indomito
447 1760 556 1809 fleuerat
565 1754 688 1809 Ascanio.

131 1827 253 1892 Namque
262 1826 352 1877 ierunt
360 1827 427 1876 olim
436 1826 549 1890 Pagasae
560 1826 697 1876 naualibus
706 1823 787 1892 Argo

167 1895 309 1960 Egressam
317 1895 397 1959 longe
408 1892 535 1944 Phasidos
545 1895 596 1944 isse
605 1896 688 1953 viam,

133 1961 169 2012 Et
178 1963 231 2011 iam
239 1964 383 2029 praeteritis
393 1961 527 2012 labentem
538 1959 735 2012 Athamantidos
745 1956 822 2011 vadis

80 2036 82 2039 “
168 2029 308 2096 Mysorum
317 2029 430 2096 seopulis
441 2028 597 2096 adplicuisse
607 2040 699 2079 ratem.

133 2095 185 2147 Hie
194 2112 286 2146 manus
297 2096 417 2157 heroum,
427 2097 529 2160 placitis
538 2109 567 2145 vt
577 2097 690 2148 constitit
700 2095 760 2156 oris,

167 2163 261 2212 Mollia
271 2164 412 2226 composita
421 2163 497 2211 litora
506 2162 598 2211 fronde
609 2164 683 2227 tegit.

135 2229 170 2280 At
180 2245 266 2279 comes
277 2231 369 2278 inuicti
379 2230 483 2277 iuuenis
493 2242 651 2294 processerat
660 2230 727 2279 vltra

61 2290 66 2300 ’
169 2297 264 2344 Raram
274 2296 378 2362 sepositi
388 2311 514 2360 quaerere
524 2295 602 2345 fontis
612 2312 715 2361 aquam.

135 2362 214 2415 Hunc
223 2362 276 2411 duo
286 2364 374 2412 sectati
383 2363 482 2421 fratres,
493 2361 635 2426 Aquilonia
644 2364 738 2430 proles,

169 2430 249 2478 Hune
257 2447 336 2495 super
346 2442 372 2479 et
381 2430 465 2487 Zetes,
476 2429 548 2478 hunc
558 2447 636 2495 super
646 2442 672 2480 et
681 2428 775 2491 Calais,

136 2493 235 2544 Oscula
245 2498 376 2564 suspensis
386 2496 514 2545 instabant
524 2512 628 2563 carpere
644 2498 750 2563 plumis,

169 2560 267 2613 Oscula
278 2577 303 2613 et
313 2565 410 2613 alterna
419 2563 487 2611 ferre
498 2564 590 2629 supina
605 2564 676 2629 suga.

135 2625 185 2679 llle
194 2628 243 2679 suh
254 2643 367 2681 extrema
377 2629 495 2699 pendens
505 2630 649 2682 secluditur
659 2631 707 2694 ala,
753 2646 758 2651 ’
850 2634 857 2647 “
