1959 2984
66 95 167 186 'tur
282 110 700 175 ms.1.nnnu.vtu.u.
819 128 873 185 103

149 219 181 273 In
192 230 291 274 veteres
301 232 354 275 esto
364 219 438 285 dura,
449 223 546 290 puella,
557 239 640 273 senes.

116 285 207 348 Pasce,
218 296 317 357 precer,
328 304 429 352 tener03
440 309 493 357 non
503 292 543 339 illi
553 292 651 339 sontica
661 306 735 339 causa
746 304 791 351 est,

152 357 207 408 Sed
217 360 313 408 nimius
322 360 378 407 luto
389 362 495 423 corpora
504 359 583 421 tingit
592 374 673 406 amor.

116 425 170 475 Vei
179 426 259 473 miser·
269 425 367 475 absenti
377 438 487 474 moestas
498 441 576 488 quam
586 426 660 490 saepe
671 426 789 539 gusernan

151 491 271 550 Coniicit‚
284 504 309 541 et
318 493 433 541 lacrimis
444 494 531 541 omnia
540 493 617 559 plena
626 508 669 540 ms
690 490 747 540 ent!

111 558 188 624 Quid
198 575 239 606 me
250 556 367 623 spernit?
377 560 424 618 ait3
434 570 534 624 poterat
543 557 659 607 custodis
669 558 749 607 vinci.

148 626 206 690 Ipse
217 624 289 675 <ledit
299 624 401 690 cupidis
411 625 501 674 fallere
510 641 586 691 possa
596 621 669 673 deus.

110 692 180 743 Nota
191 692 281 741 Venus
291 695 388 742 furtiua
397 692 464 753 mihi
475 704 521 750 est,
531 703 561 740 rt
568 692 635 739 lenis
646 703 737 755 agatur

148 760 269 824 Spiritus,
280 772 308 809 rt
317 775 365 807 uec
376 758 439 808 dent
448 760 536 807 oscula
546 770 617 824 rapta
626 773 732 813 sonntn.

108 826 147 876 Et
155 828 254 890 possim
263 825 349 875 media
359 829 478 890 quamuis
489 825 614 891 obrepere
624 834 709 884 nocte,

146 893 180 940 Et
190 895 297 958 strepitu
306 894 460 942 nullorum
468 908 584 942 reserare
594 891 672 941 fores.

29 992 33 1005 .
110 958 186 1025 Quid
195 974 306 1026 prosunt
315 973 393 1019 artes,
399 961 528 1008 miserum
537 961 559 1008 si
568 960 669 1024 spernit
678 968 815 1015 amantem,

146 1027 180 1074 Et
189 1027 257 1090 fugit
267 1044 298 1075 ex
308 1029 363 1092 ipso
373 1042 450 1075 saeua
458 1027 547 1091 puella
556 1022 632 1073 toro?

110 1093 164 1143 Vel
174 1110 237 1141 cum
264 1094 382 1152 remittit,
393 1092 478 1141 subito
488 1091 536 1140 sed
544 1089 645 1156 perfida
654 1089 729 1149 fallit,

78 1164 80 1169 ’
145 1160 194 1209 Est
203 1111 271 1207 miii
281 1175 333 1208 nox
341 1160 432 1207 multis
443 1156 593 1222 euigilandu
601 1155 698 1206 modis.

113 1228 187 1277 Dum
197 1225 264 1275 mihi
274 1238 411 1275 venturam
420 1227 499 1288 fingo,
510 1223 686 1290 quodcunque
695 1233 824 1281 mouetur,

147 1294 224 1343 Illius
235 1292 313 1342 eredo
323 1306 386 1343 tunc
396 1294 512 1341 sonuisse
522 1290 627 1357 pedem.
640 1337 643 1340 ,
783 1352 787 1357 .

112 1361 228 1411 Desistas
238 1360 382 1419 lacrimare,
392 1376 470 1425 pum
481 1375 535 1406 non
544 1357 674 1422 frangitur
684 1356 737 1415 iila,

147 1427 182 1476 Et
192 1440 233 1476 tua
244 1429 296 1477 iam
306 1429 368 1477 fletu
379 1426 555 1477 luminsfsssa
567 1435 678 1474 tument.

113 1494 243 1552 Oderunt,
256 1495 362 1552 Pholoe,
373 1509 476 1551 moneo,
487 1491 590 1542 fastidia
601 1491 671 1551 diui3

147 1561 202 1611 Nec
211 1561 316 1627 prodest
325 1562 419 1610 sanctis
429 1573 488 1610 tura
498 1558 600 1608 dedisse
610 1559 685 1606 focis.

112 1629 163 1679 Hic
174 1628 307 1677 Marathus
317 1626 451 1692 quondam
458 1628 568 1675 miseros
577 1624 685 1672 ludebat
694 1635 816 1683 amantes,

147 1695 265 1754 Nescius,
275 1695 388 1743 vitorem
396 1706 454 1759 pust
464 1705 541 1757 eaput
551 1708 605 1740 esse
617 1690 706 1738 deum.

113 1761 197 1827 Saepe
209 1764 288 1809 etiam
296 1761 415 1808 lacrimas
424 1760 506 1807 fertur
516 1759 602 1807 risisse
614 1755 735 1815 dolentis,

146 1830 181 1877 Et
193 1825 319 1891 cupidum
328 1828 385 1874 fruta
395 1824 538 1873 detinuisse
548 1840 631 1872 mors.

112 1895 192 1948 Nunc
204 1909 294 1941 omues
304 1890 360 1940 odit
368 1891 457 1950 fastus,
468 1905 541 1938 nune
551 1889 672 1954 displicet
681 1887 730 1947 ilii,

148 1963 327 2026 Quaecunque
338 1960 452 2024 apposita
462 1968 501 2006 est
510 1958 587 2005 ianua
597 1955 662 2004 dura
673 1970 738 2003 sera.

113 2029 149 2083 At
159 2042 183 2078 te
195 2044 278 2093 poena
288 2038 383 2084 manet,
394 2027 423 2073 ni
434 2023 532 2072 desinis
542 2039 597 2071 esse
608 2019 729 2138 suserbt.

149 2096 236 2161 Quam
246 2095 334 2159 cupies
344 2093 410 2142 rotis
421 2092 493 2140 huuc
501 2106 625 2140 reuocare
656 2085 721 2166 iesui

345 2223 552 2288 ELEGIA
583 2225 639 2285 tx.

115 2329 199 2415 Quid
208 2360 284 2422 mihi,
294 2362 316 2411 si
326 2361 411 2411 fueras
423 2363 534 2410 miseros
543 2360 661 2408 laesurus
672 2369 782 2411 amores,

147 2428 262 2479 Foedera
271 2446 318 2495 per
328 2428 412 2489 diuos,
423 2430 491 2477 elam
502 2425 631 2483 violanda,
643 2417 739 2473 dubus?

113 2495 156 2549 Ah
167 2495 258 2544 miser!
269 2498 317 2545 etsi
327 2498 385 2560 quis
395 2496 480 2560 primo
490 2494 606 2559 periuria
615 2492 689 2546 celat,

148 2563 212 2612 Sera
221 2574 308 2612 tamen
318 2564 401 2611 tacitis
411 2562 498 2609 Poena
507 2561 579 2607 venit
587 2555 708 2622 pedihus.

114 2629 223 2689 Parcite,
234 2629 371 2689 coelestem
381 2643 497 2692 aequum
506 2637 545 2675 est
554 2626 661 2688 impune
671 2621 751 2683 lisere
