1959 2984
177 161 231 222 ue
364 122 517 205 ”Areu
545 150 740 204 movent

176 258 253 310 Nune
263 268 351 307 autem
360 256 438 304 sacris
448 254 570 303 Baiarum
580 255 692 302 maxima
701 252 827 320 lymphis,

210 324 279 374 Cum
290 341 316 371 se
327 338 458 389 purpureo
469 338 529 370 vere
541 321 650 369 remittit
661 320 769 369 humus:

177 391 213 443 At
222 390 289 439 mihi
300 388 462 454 Persephone
474 389 577 453 nigram
588 387 723 436 denuntiat
731 388 835 438 liorem.

211 458 345 506 Immerito
356 457 445 504 iuueni
456 471 531 521 parce
543 471 644 514 nocere,
656 453 716 503 dea!

176 526 236 576 Non
247 541 296 587 ego
306 523 412 581 tentaui,
423 523 492 570 nulle
502 521 652 573 temeranda
661 523 787 581 uirorum,

206 590 303 641 Audax
312 588 456 637 laudandae
466 606 537 637 saera
548 588 640 637 docere
652 587 728 647 deae,

176 659 231 709 Nec
240 674 298 705 mea
307 657 447 704 mortiferis
458 656 546 704 iniecit
555 657 648 721 pocula
658 657 742 703 arcels

210 726 329 783 Dextera,
341 740 389 771 nec
399 725 522 788 cuiquam
530 735 596 771 tetra
605 739 704 772 venena
715 719 799 784 dedit3

176 792 230 844 Nee
240 808 287 839 nos
295 790 436 854 ‘sacrilegos
446 791 551 856 templis
561 788 726 838 admouimus
737 790 824 856 ignem

209 859 264 908 Nec
275 874 318 906 cor
328 858 468 907 sollicitant
476 857 540 906 facta
550 856 661 906 nefanda
671 873 775 919 meum3

176 926 231 977 Nec
241 942 296 984 nos,
308 926 411 973 insanae
421 923 576 973 meditantes
588 924 673 986 Iurgia
681 924 799 988 linguae,

208 993 294 1058 Impia
304 992 332 1039 in
342 990 465 1042 aduersos
475 991 603 1040 soluimus
614 1007 659 1039 ora
670 989 742 1040 deos.

176 1061 213 1126 Eg
220 1058 341 1119 nondum
349 1060 406 1108 caui
417 1060 506 1124 nigros
517 1059 614 1125 laesere
626 1058 739 1124 capillos,

209 1128 264 1177 Nec
273 1128 344 1193 yenit
354 1125 427 1189 tardo
438 1143 518 1192 curua
528 1116 715 1192 senectapede.

177 1190 305 1260 (Natalem
314 1196 395 1243 nostri
405 1195 523 1260 primum
531 1193 620 1243 ridere
630 1203 756 1258 parentes,

211 1262 280 1310 Cum
290 1260 386 1309 cecidit
395 1261 446 1309 sato
457 1259 557 1309 Consul
566 1271 673 1324 vterque
683 1259 760 1373 qari.)
782 1266 792 1280 ⁹

176 1327 250 1394 Quid
260 1325 378 1375 fraudare
389 1327 461 1374 iuuat
471 1329 552 1375 vitem
562 1328 686 1375 crescenti
703 1343 735 1375 ns
744 1324 818 1387 vnis,‘

210 1396 243 1442 Et
252 1391 331 1442 modo
341 1404 399 1440 nata
409 1391 476 1440 mala
486 1392 583 1439 vellere
594 1409 670 1457 poma
680 1390 780 1442 manui

178 1461 284 1515 Parcite,
294 1458 420 1522 pallentes
430 1457 511 1505 rudae
523 1458 671 1521 quicunque
682 1461 783 1520 tenetis,

208 1527 333 1587 Duraque
344 1523 428 1575 sortiti
438 1523 512 1571 tertia
523 1539 603 1587 regua
613 1524 667 1572 dei.

176 1593 276 1658 Elysios
287 1589 352 1636 olim
361 1589 437 1651 liceat
447 1604 602 1653 cognoscere
614 1606 728 1657 campus,

208 1656 400 1723 Lethaeamque
410 1667 502 1714 ratem,
514 1656 720 1722 Cimmeriosque
730 1653 810 1723 iecur,

176 1723 245 1789 Cum
255 1720 416 1791 niea'rugosa
426 1723 562 1789 pallebunt
572 1742 615 1773 ora
625 1729 736 1787 se‘necta,

208 1793 242 1855 Et
251 1789 362 1839 referam
372 1792 459 1858 pueris
470 1801 585 1857 tempora
595 1794 679 1858 prisca
690 1807 777 1853 senex.

175 1860 261 1926 Atque
270 1860 371 1908 vtinam
380 1875 446 1909 vano
456 1858 634 1926 nequidquam
643 1872 741 1908 terrear
751 1870 835 1911 aestu.

208 1928 346 1990 Languent
354 1939 394 1976 ter
404 1927 498 1991 quinos
509 1925 555 1975 sed
565 1943 623 1975 mea
632 1926 751 1976 membra
761 1926 827 1975 dier.

175 1993 211 2044 At
220 1993 293 2042 robis
304 1992 404 2044 Tuscae
416 1993 579 2043 celebrantur
590 1996 698 2043 numina
708 1992 838 2061 lymphae,

194 2080 198 2093 r
209 2061 244 2109 Et
253 2061 335 2109 facilis
344 2061 414 2110 lenta
424 2061 532 2126 pellitur
542 2059 609 2109 vnda
620 2078 709 2110 manu.

174 2127 265 2178 Viuite
275 2127 372 2185 felices,
382 2142 513 2176 memores
524 2138 550 2176 et
558 2128 638 2175 riuite
650 2128 740 2187 nostri,

209 2192 273 2242 Siue
284 2193 391 2252 erimus,
401 2209 447 2241 seu
458 2209 505 2241 uon
515 2192 577 2241 Fata
586 2192 665 2242 fuisse
675 2194 773 2243 volente

175 2259 277 2309 Interea
286 2260 374 2322 nigras
384 2258 497 2323 pecudes
506 2259 648 2325 promittite
658 2260 721 2320 Diti,

192 2338 197 2345 ·
209 2325 243 2374 Et
253 2325 325 2374 niuei
335 2325 408 2375 lactis
416 2326 511 2392 pocula
520 2326 599 2377 mixta
609 2343 690 2377 meru.
757 2348 760 2357 ·

408 2418 612 2520 renem
644 2456 700 2519 vr.

178 2557 310 2640 Cendide
319 2589 409 2651 Liber,
418 2579 493 2654 eden
503 2593 540 2642 sic
550 2595 584 2643 ait
593 2591 639 2643 tibi
649 2595 757 2661 mystice
767 2593 833 2651 vicie,

210 2654 321 2724 Semper
330 2661 369 2710 sic
378 2658 476 2710 hedera
484 2672 600 2729 tempere
611 2661 696 2710 vincta
706 2673 789 2725 geras.
