1959 2984
281 147 356 206 ele.
377 148 427 199 111.
457 146 577 201 nune.
595 145 669 201 xx1.
806 154 862 212 237

316 266 342 329 E
354 266 378 328 L
390 265 415 327 E
429 263 455 332 ‚G
469 262 521 327 Id
558 264 650 345 XXI·

105 349 796 462 Frigidaemnutrospuenaaueyneasaanor,
827 360 830 368 '

139 452 231 512 Tulle,
242 450 411 518 Propontiaca
456 467 470 497 a
479 445 537 499 ssuit
546 449 659 499 Isthmos
669 465 744 513 aqna,

104 516 263 584 Dindymus
274 529 300 567 et
307 532 394 567 sacrae
404 465 525 565 aldiran
534 517 645 565 iuuenca
655 513 786 582 Cybebae,

139 586 307 651 Raptorisque
318 581 384 649 ,tulit
392 599 442 698 qpa
450 583 493 633 via'
502 581 570 632 Ditis
581 599 669 648 equos.
695 637 698 643 ⁴

104 649 134 702 si
145 662 169 699 te
179 651 245 701 forte
255 651 348 701 iuuant
357 651 396 701 He
420 667 446 699 es
456 647 656 700 Athamantidos
665 647 753 710 nrbes,

136 717 193 768 Nee
202 716 339 778 desiderio,
351 717 437 779 Tulle,
448 732 555 767 mouere
565 729 642 766 tneor
770 776 774 779 .

104 782 147 833 Tu
156 784 219 834 lieet
232 784 356 851 adspicias
367 784 471 834 coelum
480 800 558 833 omne
569 783 674 833 Atlanta
683 791 827 848 gerentem,

137 850 262 916 Sectaque
275 851 369 902 Persea
383 849 526 901 Phor'oidos
536 866 581 900 ora
589 866 679 911 manu,
832 904 838 911 ¹

104 916 234 974 Gerionae
245 915 351 977 stabula,
364 924 390 966 et
397 917 545 964 luctantum
554 917 582 962 in
591 916 700 980 puluere
711 919 786 979 signa

137 982 257 1031 Herculis
269 982 426 1044 Antaeique,
436 978 663 1045 Hesperidumque
674 979 778 1029 choros:

104 1048 198 1112 Tuque
208 1059 253 1095 tuo
264 1045 396 1116 Colchum
402 1043 532 1111 propellas
540 1046 642 1109 remige
654 1041 768 1106 Phasim,

139 1113 306 1177 Peliacaeque
318 1112 395 1162 trahis
406 1124 490 1162 totum
499 1111 551 1162 iter
561 1112 615 1182 ipse
624 1112 706 1180 legas,

104 1178 163 1245 Qua
172 1178 245 1241 mdis
256 1179 344 1243 Argon
353 1183 422 1229 natat
431 1180 499 1227 inter
508 1187 567 1227 saxa
576 1178 697 1228 columba

132 1246 165 1300 In
176 1243 271 1297 faeiem
278 1261 371 1312 prorae
380 1246 458 1311 pinus
469 1243 557 1294 adacta
564 1241 662 1293 nouae:

102 1311 137 1363 Et
150 1329 172 1362 u
182 1328 232 1377 qna
242 1310 348 1379 ortygii
357 1308 465 1362 uisenda
474 1323 514 1361 est
522 1326 567 1360 ora
576 1308 688 1377 Caystri,¹

136 1378 171 1430 Et
179 1394 230 1443 qua
239 1390 356 1445 septenas
366 1389 493 1444 temperat
501 1375 570 1427 rnda
577 1379 645 1428 aias:

102 1442 201 1497 Omnia
209 1444 338 1494 Romanae
349 1442 442 1493 cedent
450 1443 577 1492 miracula
586 1441 686 1494 terrae}

135 1510 231 1562 Natura
241 1509 284 1560 hio
292 1512 379 1578 posuit
385 1505 397 1570 ,’
403 1503 533 1576 quidquid
541 1509 637 1575 ubique
648 1511 711 1561 fuit.¹

101 1574 190 1630 Armis
200 1588 258 1644 apta
266 1580 349 1641 magis
359 1578 445 1636 tellus,
456 1594 535 1641 quam
545 1576 683 1626 commoda
692 1591 782 1639 noxae,

134 1644 251 1703 Famam,
261 1643 350 1703 Roma,
360 1653 418 1691 tuae
429 1659 482 1689 non
491 1640 574 1706 pudet
583 1641 716 1692 historiae.

10 1703 12 1712 ⁴
100 1708 178 1768 Nam,
189 1717 315 1773 quantum
324 1707 407 1767 ferro,
419 1719 520 1757 tantum
528 1708 622 1772 pietate
632 1719 750 1773 potentes
783 1763 785 1778 ἲ

101 1970 270 2037 Albanusque
280 1972 351 2022 lacus
362 1974 425 2036 soeii
434 1971 603 2023 Nemorensis
612 1970 644 2023 ab
654 1989 689 2021 vn

136 1776 252 1825 stamus:
262 1776 380 1824 victrices
391 1785 517 1840 temperat
527 1773 571 1822 illa
581 1785 683 1822 manus.

101 1840 151 1891 Hic
160 1838 230 1891 Anio
240 1839 358 1906 Tiburne
368 1835 435 1901 fluis,
442 1840 596 1904 'Clitumnus
606 1839 638 1888 ab
647 1838 750 1890 lerro

131 1907 264 1967 Tramite,
275 1917 301 1956 et
310 1917 444 1956 aeternum
452 1906 566 1955 Mar-eius
576 1905 672 1954 humor
682 1921 757 2019 optas.

709 1989 721 2019 a

136 2038 250 2103 Potaque
261 2038 374 2089 Pollucis
384 2038 500 2106 nympha
509 2037 619 2089 salubris
630 2054 707 2103 equo.
719 2006 731 2061 .'

101 2104 138 2158 At
147 2121 200 2155 non
209 2121 345 2172 squamoso
355 2104 480 2154 labuntur
488 2116 579 2155 ventre
589 2115 709 2167 cerastae,

135 2171 199 2223 Itala
207 2171 332 2239 portentis
341 2187 391 2220 neo
400 2172 465 2221 furit
476 2170 546 2219 unda
556 2172 644 2220 nouis:

100 2238 162 2293 lion
171 2238 215 2287 hie
223 2235 406 2288 Andromedae
417 2247 539 2286 resonant
546 2252 594 2303 pro
603 2249 685 2287 matre
695 2249 807 2297 catenae,

135 2305 190 2355 Neo
200 2306 288 2353 tremis
298 2302 434 2365 Ausoniae,
445 2301 550 2370 Phoebe
560 2304 656 2368 fugate,
667 2302 758 2369 dapesa

101 2369 157 2431 Nee
171 2373 293 2437 cuiquam
301 2370 417 2421 absentes
427 2379 547 2420 arserunt
556 2371 585 2419 in
594 2381 672 2436 eaput
680 2371 763 2434 ignes,

134 2438 252 2487 Exitium
261 2448 320 2485 nato
329 2449 411 2489 matre
421 2441 543 2487 mouente
553 2450 614 2485 auo:
690 2437 693 2450 ’

103 2504 217 2559 Penthea
227 2519 279 2553 non
290 2519 380 2553 saeuae
389 2513 515 2555 renanuar
524 2504 553 2552 in
563 2502 653 2550 arbore
663 2498 775 2550 Bacchae
781 2517 795 2561 ς·

136 2570 192 2623 Nec
200 2571 279 2623 soluit
288 2570 388 2628 Danao
401 2569 504 2628 subdu
513 2584 590 2624 cerua
603 2579 683 2646 rates:
740 2593 745 2602 ·
