1959 2984
11 148 125 272 Μ
256 199 377 257 mur.
405 197 642 258 motu.
795 201 846 271 97.

101 304 283 372 Subiicietque
292 302 550 372 mauus‚'effieietque
560 305 641 356 riam.

17 397 19 403 ·
67 373 172 440 Pauper
181 372 215 425 ad
224 374 338 424 occultos
349 375 440 433 furtim
450 372 557 423 deducit
566 370 679 435 amicos,¹

100 441 246 506 Vinclaque
257 441 290 490 de
301 443 380 490 niueo
391 440 503 490 detrahit
512 443 566 507 ipse
576 439 653 507 pede.

68 507 130 560 Heu
139 508 369 570 eanimurum,
381 525 429 558 nec
438 507 525 558 verbis
536 509 602 557 victa
611 508 706 561 fatiscit

102 576 192 636 lanua,
203 575 249 625 sed
258 577 336 642 plena
346 589 385 627 est
392 572 562 644 percutienda
571 593 662 624 mauu.

68 641 105 695 At
114 641 153 702 tu,
164 645 210 708 qui
219 645 304 711 potior
314 660 385 692 nuuc
396 661 432 704 es,
442 660 503 692 mea
512 643 563 692 fata
572 644 672 693 timeto.

102 709 229 778 Versatur
239 711 317 760 celeri
326 713 390 762 Fors
400 711 468 760 leuis
479 709 541 759 orbe
552 722 633 761 rotae.

68 776 130 828 Nou
140 777 235 828 frustra
245 777 352 843 quidam
362 780 414 828 iam
424 794 495 826 nuuc
505 778 533 826 iu
541 776 635 828 limine
646 790 743 844 perstat

104 842 229 905 Sedulus,
239 862 268 894 ac
279 846 368 895 crebro
377 846 511 913 prospicit,
523 861 552 894 ac
562 844 672 908 1·esug·it;

30 914 35 917 “
68 911 104 961 Et
112 912 219 961 simulat
228 915 336 961 tramire
347 913 465 974 domum,
476 927 538 961 mox
548 911 644 960 deiude
654 913 767 963 recurrit

104 978 190 1039 Solus,
201 991 294 1028 stante
305 981 371 1047 ipsas
382 992 497 1029 exscreat
505 995 586 1044 usque
597 979 674 1027 fores.

70 1043 164 1095 Nescio
175 1045 241 1111 quid
249 1046 363 1095 surtinus
373 1064 446 1104 antor
455 1058 540 1112 porat3
550 1058 622 1095 utere
634 1061 737 1109 quaeso,

103 1111 177 1162 Dum
186 1113 263 1176 licet3
275 1114 303 1162 in
310 1112 412 1178 liquida
422 1125 466 1162 nat
474 1111 524 1169 tibi
532 1112 612 1161 linter
622 1128 697 1178 equs.

307 1243 513 1305 ELEGIA
539 1243 607 1306 VL'

74 1341 202 1444 Semper,
212 1389 241 1427 rt
250 1375 367 1438 inducar,
377 1376 487 1428 blandos
498 1378 574 1428 offers
584 1377 652 1429 mihi
662 1377 760 1441 vultus,
839 1412 843 1421 ·

22 1456 26 1463 “
106 1446 168 1495 Post
176 1458 264 1494 tamcu
274 1462 301 1495 es
310 1447 407 1494 misero
417 1447 498 1494 tristis
509 1458 536 1496 et
544 1463 626 1513 asper,
637 1444 732 1497 Amor.

74 1511 146 1580 Quid
156 1511 212 1570 tihi,
224 1530 299 1561 saeue
309 1530 387 1579 puer,
398 1529 506 1561 mecum
516 1511 571 1562 est?
591 1532 624 1563 un
634 1514 719 1580 gloria
728 1528 822 1579 magno

106 1578 217 1629 Insidias
228 1579 330 1631 homini
340 1582 515 1646 composuisse
528 1577 628 1631 deum?

73 1646 130 1696 Iam
139 1646 207 1694 mihi
217 1646 359 1696 tenduntur
370 1664 461 1707 casses,
472 1648 526 1696 iam
535 1647 613 1697 Delia
622 1648 717 1698 furtim

107 1714 201 1762 Nescio
212 1729 292 1777 quem
300 1717 375 1763 tacita
386 1713 480 1762 callula
489 1726 564 1763 nocte
574 1715 657 1763 fouet.

73 1778 124 1832 Illa
133 1778 305 1844 quidcmttam
313 1781 396 1830 multa
406 1793 496 1844 negat3
506 1778 553 1829 sed
563 1779 671 1829 credere
682 1778 781 1829 durum
786 1796 814 1830 es
840 1812 843 1817 »

108 1846 153 1896 Sic
164 1849 243 1896 etiam
253 1846 285 1894 de
296 1863 338 1895 me
349 1860 474 1912 pernegat
483 1863 564 1910 vsque
575 1847 643 1895 viro.

73 1912 133 1980 Ipse
143 1915 224 1963 miser
235 1912 321 1974 (locui,
333 1930 384 1978 quo
394 1925 480 1979 posset
488 1911 581 1961 ludere
591 1923 666 1979 pacto

109 1978 250 2042 Custodes3
260 1979 321 2039 heu,
331 1979 394 2041 heu,
404 1995 475 2028 nuuc
484 1995 591 2045 premor
601 1990 654 2029 artc
664 1977 735 2029 mea!

73 2047 188 2111 Fingere
199 2060 262 2097 usuc
272 2046 365 2097 didicit
375 2063 471 2108 causas,
483 2061 530 2095 cur
540 2045 595 2097 soh
605 2045 718 2109 cubaret,
778 2100 783 2105 ,

107 2113 222 2163 Cardine
232 2126 295 2165 tunc
304 2116 381 2165 tacito
390 2128 490 2171 vertere
500 2131 575 2181 posse
585 2115 665 2165 sores.
760 2108 764 2121 ’

73 2181 148 2233 Tum
157 2198 247 2231 succos
257 2181 402 2248 herbasque
412 2181 483 2240 dedi,
496 2182 568 2246 queis
578 2182 649 2232 liuor
658 2180 750 2243 abiret,

107 2247 199 2313 Quem
207 2250 267 2299 facit
276 2251 402 2316 impresso
411 2262 504 2299 mutua
514 2247 592 2299 dente
601 2249 703 2302 Venus.

9 2366 11 2381 ,
72 2312 110 2366 At
120 2329 157 2373 tu,
168 2315 266 2365 fallacis
277 2319 371 2366 coniux
377 2319 481 2378 incaute
492 2316 605 2381 puellae,

109 2381 155 2430 Me
166 2399 269 2447 quoque
279 2396 388 2444 seruato,
399 2396 490 2450 peccet
499 2396 528 2433 vt
537 2384 582 2433 issa
591 2387 690 2433 minus.

73 2448 136 2500 Neu
147 2449 258 2499 iuuenes
269 2450 381 2500 celebret
390 2450 474 2500 multo
484 2467 614 2510 sermone,
626 2448 725 2507 caueret}

108 2515 184 2566 Neue
196 2516 272 2566 cubet
281 2519 338 2571 luxo
343 2530 437 2583 pectus
448 2529 535 2584 aperta
544 2518 613 2576 sinu,

73 2580 136 2633 Neu
146 2594 171 2632 te
182 2581 294 2649 decipiat
304 2597 378 2643 nutu,
390 2583 525 2648 digitoque
535 2583 668 2647 liquorem

58 2694 65 2702 .
109 2649 150 2699 Ne
161 2649 255 2707 trahat,
265 2663 291 2700 et
299 2667 404 2700 mensae
415 2650 493 2699 ducat
502 2651 530 2697 iu
540 2649 602 2696 orbe
613 2646 695 2694 notis.

74 2712 166 2767 Exibit
176 2733 256 2782 quam
265 2733 350 2784 saepe,
359 2719 432 2775 time,
443 2731 491 2764 seu
502 2716 585 2762 visere
595 2710 666 2760 dicet

605 2775 631 2826 G
