1959 2984
130 179 187 234 sss
375 164 639 222 raorsurrr
840 160 898 227 us)

163 271 271 324 Vidistis
280 271 365 330 fusos:
375 269 447 319 ducit
455 280 563 333 vterque
574 266 657 315 color:
750 331 751 336 1

131 341 239 392 Vidistis
254 340 383 407 quandam
393 335 492 400 Argiua
501 333 606 401 prodire
617 336 713 397 figura:

163 407 274 460 Vidistis,
282 405 392 457 nostr-'ast
401 415 508 467 utraque
518 402 601 450 forma
610 401 688 467 rapit.
724 406 727 409 ’

131 475 230 541 litaque
241 474 352 541 plebeio,
362 470 405 521 vel
414 471 447 519 sit
456 467 569 518 sandicis
578 469 689 516 amictus

164 544 233 592 Haec
248 554 322 607 atque
333 538 378 588 illa
387 536 449 586 mali
459 536 575 585 vulneris
585 536 686 584 suavia
696 545 743 585 est.

132 609 203 661 Cum
215 610 273 657 satis
283 621 332 655 rna
341 606 393 654 tuis
404 604 532 653 insomnia
542 613 628 669 portet
637 601 736 662 ocellis,

97 727 100 732 ,
166 678 224 738 ἱῖιιειΙ
232 676 264 725 sit
274 686 300 724 et
309 673 394 722 cuiuis
404 671 502 720 femina
510 670 594 721 multa
602 668 680 718 mala.

355 820 558 884 ELEGIA
589 818 662 884 ΧΧ.

134 909 212 993 Vidi
222 957 270 1006 ego
280 952 304 991 te
316 942 344 994 iu
354 940 451 990 somnis
462 939 549 1005 fracta,
559 945 619 987 mea
627 938 692 997 vita,
703 934 792 986 carina

165 1011 240 1061 Ionio
249 1010 326 1057 lassas
337 1006 431 1057 ducere
442 1024 500 1057 rore
511 1020 617 1066 manum
658 1059 661 1066 ,

133 1077 167 1126 Et
176 1093 344 1142 quaecunque
357 1076 384 1124 iu
394 1090 436 1123 me
448 1074 532 1122 fueras
541 1073 658 1131 mentita,
668 1069 755 1130 lateri;

166 1145 220 1193 Nec
236 1145 287 1193 iam
296 1141 407 1192 humore
418 1157 511 1205 graues
521 1140 611 1190 tollere
621 1155 696 1205 posse
707 1152 806 1187 comast

133 1212 246 1276 Qualem
259 1210 399 1277 purpureis
410 1210 532 1273 agitatam
542 1205 664 1257 fluctibus
675 1204 780 1264 Hellen,

86 1274 94 1280 ’
166 1276 253 1327 Aurea
263 1293 341 1341 quam
350 1277 425 1325 molli
435 1287 538 1339 tergore
547 1276 617 1323 vexit
626 1273 692 1321 ouis·

133 1346 221 1410 Quam
230 1346 320 1402 timui,
332 1360 365 1391 ne
375 1344 439 1391 forte
450 1354 527 1390 tuum
535 1357 606 1389 mare
617 1356 715 1388 nomen
724 1336 842 1399 haberet,

166 1409 252 1475 Atque
262 1423 306 1459 tua
317 1409 407 1456 labens
417 1410 505 1456 nauita
514 1409 588 1456 fleret
597 1403 675 1471 aqua!

134 1479 206 1542 Quae
217 1489 273 1526 tum
284 1491 332 1539 ego
343 1474 473 1539 Neptuno,
485 1489 550 1539 quae
560 1484 618 1521 tum
628 1488 689 1521 cum
695 1471 800 1526 Castore
809 1469 891 1533 fratri,

167 1545 290 1607 Quaeque
306 1539 353 1589 tibi
369 1541 455 1605 excepi
468 1552 525 1589 tum
534 1537 582 1589 dea
591 1537 759 1591 Leucothee?
795 1601 797 1604 v
826 1576 830 1585 .

135 1609 168 1661 At
178 1623 214 1666 tu,
224 1610 267 1657 vix
276 1608 373 1674 primas
384 1606 510 1656 extollens
520 1608 624 1672 gurgite
633 1607 741 1673 palmas,

166 1673 248 1740 Saepe
259 1690 351 1723 meum
361 1676 522 1724 numenium
530 1676 646 1740 peritura
656 1689 741 1723 vocas.

135 1742 212 1809 Quod
222 1744 244 1791 si
254 1743 318 1791 forte
330 1754 387 1791 tuos
398 1740 506 1791 vidisset
516 1739 630 1798 Glaucus
642 1741 748 1802 ocellos,
762 1737 765 1744 '

167 1811 241 1860 Esses
257 1809 325 1859 Ionii
335 1810 398 1857 facta
407 1809 495 1876 puella
505 1810 593 1858 maris.

137 1880 168 1927 Et
182 1877 229 1927 tibi
239 1874 411 1943 praeiuuidia
421 1875 548 1926 Nereides
558 1878 629 1924 incre
649 1875 749 1934 itareut,

168 1943 287 1993 Candida
296 1944 408 2002 Nesaee,
419 1944 521 1992 caerula
532 1890 686 2009 Cymodoe.

137 2010 191 2061 sed
201 2010 248 2060 tibi
258 2009 404 2061 subsidium
415 2007 571 2076 delphinum
582 2025 685 2058 currere
695 2006 759 2068 vidi,

170 2078 231 2142 Qui,
242 2089 318 2143 puto,
329 2075 466 2127 Arioniam
475 2088 580 2125 vexerat
588 2087 645 2125 ante
655 2075 749 2142 lyram.

121 2142 243 2207 „lamque
254 2161 303 2207 ego
314 2143 423 2192 conabar
433 2159 538 2193 summo
547 2157 589 2193 me
601 2144 704 2193 mittere
714 2144 785 2204 saxu*

171 2210 240 2259 Cum
249 2208 316 2258 mihi
327 2208 446 2258 discussit
455 2210 516 2258 talia
525 2211 579 2259 visa
593 2222 692 2260 metus:
762 2261 766 2276 ,

138 2276 162 2329 N
163 2293 213 2326 unc
223 2274 391 2336 admirentur,
402 2275 473 2340 quod
482 2287 537 2327 tam
547 2269 613 2326 mihi
622 2276 731 2342 pulelira
739 2274 828 2342 puella

171 2344 286 2403 Sentiat,
300 2353 327 2391 et
335 2353 386 2412 tota
396 2340 466 2391 dicar
476 2343 505 2392 in
514 2342 577 2391 vrbe
587 2356 687 2410 potens.

139 2410 206 2468 Nau,
218 2411 239 2459 si
250 2407 390 2477 Cambysae
400 2407 515 2468 redeant,
526 2422 552 2460 et
562 2412 669 2460 flumina
679 2408 777 2471 Croesi,

170 2478 257 2525 Dicat:
276 2477 316 2525 De
328 2489 415 2526 nostro
425 2493 512 2541 surge,
522 2489 597 2543 poeta
607 2489 671 2528 toro.

137 2543 203 2593 Nam
214 2560 272 2592 mea
281 2559 342 2593 eum
351 2546 449 2602 recitat,
460 2542 524 2593 dicit
532 2561 559 2592 se
570 2543 654 2594 odisse
665 2545 760 2604 beatos,

170 2608 291 2657 Carmina
300 2621 353 2659 tam
362 2622 447 2659 sancte
457 2610 530 2658 nulla
540 2611 626 2673 puelia
636 2611 706 2660 colit.

138 2672 255 2740 Multum
265 2677 292 2725 iu
302 2693 389 2726 temore
401 2676 472 2739 fides,
483 2676 600 2726 multum
610 2678 750 2728 constantia
760 2674 875 2744 prudent.
